3006 5064
673 454 833 511 ..25-

204 599 342 662 «ponere
358 581 399 662 a),
423 586 602 663 conjugatur
624 599 694 644 cnm
719 581 806 644 amm
819 599 852 659 a,
869 583 969 657 idest,
985 585 1019 643 ut
1039 582 1168 643 latinum
1185 581 1284 642 do-ao
1294 600 1306 659 ;

201 697 296 761 quum
318 683 419 742 autem
439 680 481 741 do
505 684 535 742 et
553 679 617 741 dtu
640 680 744 741 eodem
766 678 855 740 modo
877 679 954 740 flecti
975 679 1102 755 soleant,
1127 679 1200 740 binc
1221 679 1307 757 sequi

202 777 319 840 videtur
333 781 362 839 et
376 779 416 839 du
432 800 447 833 u
463 779 535 840 dare
553 801 567 834 e
584 780 626 840 ita
641 777 719 840 flecti
733 777 878 839 debuisse.

240 873 278 936 ln
291 876 440 938 sanserita
453 875 530 936 nihil
544 875 729 955 huJusmodi.
742 874 874 936 lrenicae
884 874 1001 937 dialecti
1013 891 1075 936 non
1086 874 1168 935 item.
1179 873 1308 937 Zendica

200 972 319 1054 quidem
334 977 419 1035 novit
432 973 521 1036 modo
535 974 711 1052 primariam
730 977 784 1035 aut
796 959 1306 1054 reduplicativamconjugationem,

199 1072 295 1133 ddi-ti
319 1075 371 1134 aut
394 1070 584 1150 da-dlvdi·ti;
607 1073 724 1150 persica
749 1070 894 1133 recentior
913 1070 991 1132 hanc
1010 1071 1098 1133 modo
1125 1070 1251 1148 lde-bem
1271 1087 1307 1132 ex

200 1167 420 1247 doddo-mil,
436 1169 581 1232 ambabus
595 1169 747 1233 radicibus
759 1167 831 1230 do«
848 1169 918 1230 dere
932 1190 948 1227 »
962 1173 993 1230 et
1006 1169 1068 1231 dbd
1084 1190 1098 1223 «
1116 1184 1224 1247 ponere
1244 1192 1258 1225 a
1275 1169 1306 1229 in

201 1284 297 1330 unum
312 1267 431 1330 coactis.
448 1266 626 1330 Armeniaca
642 1271 742 1330 autem
758 1268 864 1348 lingua
877 1267 988 1329 latinae
1002 1267 1052 1329 hic
1070 1268 1204 1346 proxime
1222 1282 1305 1328 aece-

201 1367 254 1430 dit.
272 1364 449 1428 Armeniaca
464 1367 595 1446 quidem,
623 1383 798 1447 quanquam
817 1370 851 1429 ut
874 1370 1008 1429 caeterae
1026 1366 1159 1427 irenicae
1176 1364 1219 1425 dt
1236 1365 1307 1427 ind

199 1468 346 1540 attenuat,
362 1464 467 1526 ambas
484 1469 587 1526 tamm
610 1465 726 1528 radices
745 1465 897 1540 discrevit,
920 1480 1016 1544 quum
1028 1463 1050 1524 d
1063 1463 1150 1525 initio
1168 1464 1305 1526 vocabuli

199 1563 260 1625 inl
281 1563 423 1625 indurare
447 1563 549 1625 soleat.
576 1561 653 1625 Hine
674 1563 745 1625 dc«
768 1563 840 1625 dare
861 1585 875 1618 e
901 1563 935 1624 lit
953 1568 998 1640 tu,
1021 1562 1209 1624 infinitivum
1230 1561 1303 1623 tu-l.

200 1659 305 1740 Cujus,
323 1661 422 1742 quoad
435 1677 579 1739 praesens
600 1662 841 1742 conjugationem
861 1663 1060 1740 negligamus,
1076 1677 1153 1740 quae
1168 1678 1230 1723 non
1244 1661 1306 1723 huc

124 1751 126 1754 ’
198 1761 331 1838 pertinet
349 1757 388 1839 (v.
405 1759 425 1819 i.
444 1762 457 1834 ἓ
475 1759 521 1838 ll)
539 1776 545 1818 :
563 1763 595 1820 at
608 1776 677 1821 vero
690 1759 731 1821 du
749 1781 763 1815 e
779 1775 913 1840 ponere»
929 1759 1049 1821 adeum
1063 1759 1188 1820 modum
1207 1759 1305 1820 llecti-

198 1860 251 1918 tur
264 1858 302 1920 ad
316 1872 408 1937 quem
422 1857 454 1918 in
478 1856 573 1918 latina
596 1858 693 1919 dn-no
711 1855 767 1938 (do)
782 1877 789 1934 ;
807 1858 848 1918 ita
873 1860 907 1918 ut
925 1857 1050 1918 conferri
1070 1858 1179 1935 possit,
1203 1858 1306 1935 quood

198 1958 454 2034 conjapatiooevm
477 1955 646 2018 armeniace
670 1971 739 2018 eum
757 1955 874 2016 letina:
897 1953 978 2034 quod
993 1970 1028 2016 ex
1043 1954 1181 2033 sequenti
1203 1953 1304 2017 tabula

197 2054 376 2133 apparebit:
773 2119 777 2123 ,
934 2094 936 2103 ·

251 2183 252 2188 κ
296 2148 419 2213 Arinen.
1019 2147 1084 2209 Lat.

278 2249 397 2309 d-aem
993 2245 1117 2307 *du-nu

277 2346 384 2407 d-e·es
992 2345 1120 2406 *du-ads

277 2441 371 2505 dre-e*
750 2429 752 2432 Α
1004 2442 1126 2504 dn-o-c't

258 2543 419 2622 dae-em
888 2538 889 2541 ’
995 2542 1182 2602 *do-eamus
1272 2561 1276 2570 ’

276 2636 383 2719 d-u-ep
994 2638 1158 2700 *da-a-itis

276 2739 391 2799 d-e-ca
1010 2738 1159 2799 dnn-unt

237 2835 323 2898 Hanc
344 2837 561 2898 consonantem
584 2835 653 2897 nin
675 2836 857 2912 armeniam,
876 2838 910 2897 ut
934 2835 967 2895 in
991 2837 1097 2898 celtica
1107 2840 1140 2897 et
1163 2837 1195 2897 in
1210 2836 1305 2898 latina

197 2932 392 2996 adventitiam
406 2948 472 2994 esse
486 2948 522 2993 ae
534 2932 686 3011 propriam
700 2932 866 3008 indicativi,
881 2949 943 2994 non
958 2920 1130 3008 radicalem,
1145 2933 1305 2996 manifesto

197 3032 348 3094 declarant
361 3033 497 3108 tempora
520 3029 623 3091 aoristi
637 3028 759 3109 quibus,
776 3033 810 3090 ut
825 3027 889 3090 fleri
910 3029 1007 3107 debet,
1030 3030 1205 3093 evanescit:
1229 3031 1302 3108 e-di,

196 3129 298 3207 e-di-r,
316 3128 382 3204 e-d,
397 3127 512 3205 educ,
528 3126 638 3204 edla,
653 3127 760 3188 e-di-re
770 3124 793 3189 ².
1089 3128 1091 3131 ’

235 3226 319 3306 §37-
343 3224 430 3302 Hinc,
446 3225 473 3286 si
493 3242 556 3287 non
578 3224 739 3302 affirmare,
755 3228 833 3287 certe
853 3227 1012 3307 conjectari
1037 3227 1106 3289 licet
1128 3227 1209 3288 hano
1233 3244 1303 3289 cum

196 3327 381 3388 consonante
394 3341 415 3384 a
431 3324 676 3404 conjugationem
690 3340 750 3385 non
764 3323 888 3386 luissea
902 3323 1006 3387 latinis
1023 3325 1157 3404 primum
1172 3325 1210 3387 ad
1226 3326 1303 3387 radi·

196 3439 261 3485 cem
283 3423 326 3483 du
347 3437 547 3487 conversam:
570 3407 718 3484 obsoletae
739 3423 823 3485 enim
847 3423 960 3487 formae
983 3440 1077 3487 nona
1102 3423 1207 3502 lingua
1227 3439 1304 3504 quae

232 3672 258 3726 t.
274 3669 308 3725 ln
322 3669 438 3742 deb-em,
455 3670 473 3725 b
496 3687 565 3741 non,
581 3677 618 3730 ut
627 3671 711 3744 vulgo
726 3677 852 3746 putatur,
864 3670 906 3727 'dt
920 3677 1113 3744 repraesentat
1122 3692 1129 3740 ;
1153 3671 1302 3746 orthogra-

196 3758 313 3833 phicum
343 3765 404 3829 est;
427 3758 455 3830 d,
486 3759 563 3815 inter
593 3759 705 3817 vocales
735 3760 870 3832 positum,
902 3761 1036 3830 evanuit;
1070 3760 1137 3818 inde
1161 3761 1303 3819 vocalium

195 3864 349 3906 concursus
364 3847 482 3919 (de-em),
499 3851 571 3921 qnae
590 3855 623 3904 nt
643 3855 789 3922 separatae
802 3858 845 3906 'ac
859 3848 1010 3906 distinctae
1034 3857 1180 3921 maneant,
1195 3850 1303 3924 aspira-

114 3937 116 3942 ’
195 3936 283 4015 tionis
297 3936 411 4009 signum
426 3936 562 3993 inseritur
577 3935 626 4008 (cf.
646 3936 792 4014 inpgallice
813 3937 922 4009 tra-bic
935 3954 986 4010 pro
1002 3944 1100 4010 rra-tr,
1116 3956 1151 3996 ex
1166 3939 1302 3994 rra-d-ere

194 4026 342 4095 ”tra-ere);
353 4024 452 4081 eodem
461 4025 546 4082 modo
562 4033 623 4083 orta
637 4033 705 4082 sunt
718 4025 862 4097 let-tadeo,
879 4026 907 4082 id
921 4034 965 4083 est
978 4029 1099 4099 staden,
1110 4045 1145 4084 ex
1156 4027 1302 4083 *ei-dodon

195 4122 223 4173 et
238 4113 377 4170 eleon-em
392 4112 485 4184 (volo),
506 4115 536 4171 id
550 4122 593 4172 est
607 4116 743 4172 *bloet-em
760 4133 795 4173 ex
809 4115 971 4172 *blood-em
986 4116 1054 4186 (rad.
1070 4116 1147 4186 codd,
1161 4118 1212 4180 ἠδ).

111 4192 112 4196 ’
231 4203 255 4259 2.
274 4203 457 4272 Petermanm
473 4203 659 4261 Grammatico
672 4206 782 4277 ltepcae
795 4207 976 4278 armeniacae,
992 4223 1019 4278 p.
1035 4206 1097 4263 226.
