3006 5064
493 828 548 896 DE
571 828 802 896 OBSOLETIS
825 827 992 897 FORMIS.

237 1035 286 1103 Ad
301 1034 457 1103 obsoletas
470 1035 589 1101 formas
604 1042 804 1102 transeamus
820 1057 827 1101 :
845 1038 871 1102 Ι.
890 1036 992 1103 uenit
1002 1058 1014 1112 ,·
1034 1036 1077 1103 ΙΙ.
1094 1036 1206 1103 duim.

735 1238 758 1300 I.

233 1420 248 1500 5
262 1425 310 1482 35.
326 1415 406 1480 Sunt
419 1416 570 1481 obsoletae
583 1417 699 1480 lormae
713 1416 814 1496 ducit,
828 1417 961 1493 danunt,
974 1417 1100 1498 dunum,
1116 1435 1192 1500 quae
1201 1421 1305 1483 thema

193 1517 274 1579 dane
288 1513 379 1598 (tertii
394 1515 517 1594 ordinis)
532 1518 676 1594 arguunt.

233 1611 345 1676 Earum
360 1613 526 1675 formarum
543 1612 618 1674 baec
642 1615 688 1674 est
701 1612 790 1690 ratio,
805 1615 841 1674 ut
854 1613 948 1676 radici
959 1613 1001 1675 do
1013 1610 1141 1676 addatur
1159 1615 1304 1680 suffixum

194 1731 254 1788 ne;
270 1713 312 1774 ita
327 1714 360 1773 ut
375 1711 418 1772 dd
441 1710 545 1773 eodem
567 1712 657 1773 modo
683 1714 829 1773 tractetur
851 1727 911 1790 quo
927 1712 1042 1775 radices
1055 1716 1079 1790 t,
1104 1730 1163 1792 cer,
1182 1715 1216 1790 li,
1237 1715 1302 1794 ple,
1351 1757 1352 1760 κ

181 1814 256 1890 put,
290 1813 327 1888 ci,
354 1826 434 1889 sper,
460 1813 533 1886 ster,
562 1812 631 1886 tem,
658 1809 737 1872 unde
755 1810 972 1888 prod-inunt,
1002 1816 1153 1891 cer-nunt,
1177 1813 1324 1893 lt·uuut,'

194 1907 400 1986 exple-nunt,
416 1909 624 1986 tte-quinum,
639 1909 773 1986 st-nunt,
784 1912 955 1987 sper-nunt,
970 1912 1138 1987 ster-nunt,
1149 1913 1307 1973 tem-nunt

196 2005 387 2083 (Sabletcber,
404 2004 418 2084 ᾖ
431 2011 501 2082 293,
518 2002 580 2082 tv),
596 2007 626 2066 et
638 2005 742 2066 eadem
767 2005 881 2092 ratione
895 2006 1005 2069 dicitur
1017 2006 1095 2068 dont
1109 2010 1139 2068 et
1155 2007 1304 2086 danunt,

193 2120 254 2184 que
266 2104 380 2183 -ple-nt
393 2106 423 2164 et
435 2102 603 2190 -ple-nunt,
619 2108 708 2164 e-uut
726 2106 755 2164 et
768 2106 886 2164 t-nunt.

233 2201 311 2281 Haec
325 2203 426 2263 autom
441 2200 535 2262 radici
549 2199 662 2262 additio
676 2200 870 2262 consonantis
884 2217 905 2262 n
919 2200 952 2262 in
962 2200 1125 2264 indicativo
1141 2204 1306 2280 praesentis

65 2384 67 2388 Ι
194 2304 223 2362 et
232 2298 465 2378 intemporlbus
477 2314 555 2378 quae
565 2296 635 2359 inde
647 2301 775 2360 manant
787 2313 848 2360 non
858 2299 980 2377 propria
989 2303 1035 2360 cst
1045 2299 1157 2361 latinae
1165 2300 1303 2379 linguae3

195 2414 300 2479 graeca
325 2397 397 2459 item
421 2396 495 2475 agit,
515 2412 611 2476 quum
633 2395 713 2458 dicat
737 2397 871 2459 ἔ-πι-ν-ον
885 2400 914 2458 et
938 2398 1060 2473 ἔ-πι-ον,
1085 2398 1252 2477 ἔ-καμ-ν-ον
1278 2405 1307 2462 et

194 2499 342 2575 ἕ-καμ-ον,
359 2495 522 2558 ἔ-δακ-ν-ον
536 2497 566 2555 et
580 2494 719 2574 ἕ-δακ-ον,
733 2496 892 2574 {nep-vce
905 2498 935 2556 et
948 2496 1094 2574 ἔ-τεμ-ον,
1110 2500 1180 2575 elo.;
1196 2496 1306 2560 slavica

193 2595 306 2674 pariter
329 2593 362 2654 in
376 2593 536 2671 detq-uo«
555 2609 690 2655 moveo»
712 2610 728 2654 e
749 2592 848 2655 redire
872 2593 945 2672 detq
966 2595 1087 2673 (detq-i
1113 2617 1127 2650 α
1149 2596 1228 2657 movi
1253 2598 1303 2672 »);

194 2692 293 2773 getica
322 2691 354 2752 in
381 2689 541 2767 fruito-n
571 2712 586 2745 e
615 2706 706 2768 posco
735 2712 750 2746 o
789 2707 806 2752 e
838 2691 938 2753 radice
964 2691 1037 2769 frob
1072 2688 1154 2771 (frob
1183 2690 1306 2771 fretum

197 2813 211 2846 e
227 2789 348 2870 poposci
363 2788 555 2868 poposcimus
569 2785 609 2868 u).
625 2785 775 2850 Omnibus
784 2789 816 2849 in
831 2789 880 2850 bis
889 2789 1046 2869 exemplis,
1060 2807 1081 2851 n
1095 2794 1142 2852 est
1154 2791 1305 2870 reliquum

194 2905 228 2950 cr
243 2886 408 2966 antiquiori
424 2884 539 2964 syllaba
558 2903 609 2960 no,
635 2902 688 2947 seu
712 2903 761 2963 ne,
786 2901 872 2965 quae,
898 2903 995 2967 quum
1017 2888 1083 2967 ejus
1106 2887 1220 2952 vocalis
1245 2892 1305 2950 ter-

118 2984 120 2989 ’
195 2984 370 3047 minationis
384 2982 481 3045 vocali
495 2982 667 3062 elideretur,
676 2984 714 3046 ad
724 3001 745 3045 n
755 2984 877 3046 reducta
888 2989 933 3047 est
947 3001 954 3046 :
967 2985 1199 3065 indo-europaea
1208 2986 1306 3049 torma

194 3088 258 3148 arat
275 3101 331 3146 -uo
346 3099 423 3161 quae
446 3082 479 3142 in
501 3080 612 3144 redicis
632 3081 741 3144 formis
763 3085 887 3162 apparet
913 3087 946 3144 ut
968 3083 1160 3162 psile-potui
1183 3107 1197 3139 (ι
1224 3087 1306 3163 capi-

195 3187 246 3245 tur
269 3206 283 3238 »
309 3170 395 3244 aut'o
421 3179 501 3258 capit
527 3178 586 3241 sibi
611 3204 625 3236 n
657 3179 764 3258 t-natai
786 3207 826 3231 =
847 3197 891 3261 gr.
927 3203 1028 3246 -νε-ται
1052 3184 1085 3243 in
1111 3183 1303 3262 τέμ-νε-ται);

194 3280 390 3360 appot-pata
415 3278 649 3358 «capiebatur»
678 3282 732 3340 aut
754 3278 920 3357 «capiebat
936 3278 1024 3341 sibi»
1051 3280 1167 3357 (no-ta
1192 3308 1231 3332 =
1256 3296 1302 3359 gr.

193 3399 301 3455 -νε-το,
318 3377 351 3438 in
368 3376 534 3456 ἐτέμ-νετο).

234 3476 249 3556 ᾗ
271 3481 319 3536 36.
342 3472 447 3536 Restat
471 3490 614 3553 quaerore
637 3490 711 3535 num
732 3472 825 3534 latina
849 3473 916 3552 ipsa
939 3473 1044 3553 lingua
1068 3475 1189 3552 propria
1213 3476 1253 3553 vi,
1270 3492 1306 3538 ac

196 3578 302 3653 sponte
316 3589 382 3650 sua,
398 3573 530 3635 radicem
554 3573 611 3633 du-
636 3590 705 3635 cum
728 3572 907 3633 consonanti
932 3589 953 3633 n
975 3575 1158 3654 conjungere
1184 3589 1307 3652 agressa

194 3672 298 3750 luerit,
313 3688 352 3733 an
370 3673 444 3751 θέμα
466 3672 546 3732 ‹ia-n
559 3688 595 3732 ex
608 3671 829 3752 antiquioribus
844 3670 1029 3748 temporibus
1052 3674 1197 3749 tanquam
1215 3671 1305 3733 here-

194 3771 280 3834 dium
294 3771 449 3848 acceperit.

233 3866 269 3930 In
293 3882 410 3944 graeca,
435 3866 467 3928 in
488 3866 612 3944 slavica,
638 3868 670 3928 in
698 3866 868 3946 germanica
890 3865 968 3927 nihil
992 3881 1057 3927 esse
1080 3867 1200 3930 videtur
1224 3870 1305 3948 quod

194 3967 324 4029 radicem
339 3965 414 4025 don
426 3968 533 4044 arguat
543 3962 566 4024 ⁴.
583 3963 619 4025 In
631 3965 746 4041 celtica,
763 3964 848 4026 radix
863 3964 900 4025 de
916 3985 930 4018 o
947 3980 1058 4042 ponere
1075 3987 1088 4020 n
1111 3965 1154 4044 t:
1175 3966 1249 4045 dbo,
1266 3975 1304 4031 θε

230 4116 254 4171 l.
271 4114 335 4171 Nisi
350 4112 421 4173 forte
435 4113 492 4172 huc
506 4115 715 4172 accensendum
725 4129 859 4187 graecum
873 4114 956 4172 tato-c
970 4113 1046 4187 quod
1061 4114 1099 4171 sit
1109 4115 1205 4188 ipsum
1220 4116 1303 4172 latini

194 4204 272 4264 verbi
285 4206 355 4269 θέμα.
