3006 5064
736 432 876 486 ..g-

291 565 349 637 55.
366 559 465 630 Quum
489 563 590 621 autem
613 559 644 619 in
668 558 759 620 verbo
783 557 870 635 dira,
886 559 1031 620 vocalisci
1052 574 1114 621 non
1137 561 1358 640 coujugationis

250 660 301 736 sit,
327 659 379 721 sod
399 657 520 735 radicis,
545 657 616 718 hinc
638 658 778 736 sequitur
801 661 921 719 utnon
945 656 994 718 bis
1016 656 1134 736 legibus
1155 659 1217 738 regi
1241 658 1356 736 debeat,

250 757 363 838 quibus
376 756 493 817 vocales
507 758 744 834 cocjcpotc‘ocic,
760 754 813 816 sed
827 754 934 816 iisdem
949 753 1060 835 quibus
1080 757 1194 818 coculos
1207 756 1355 818 radicem.

250 853 351 927 Ouum
374 858 473 916 autem
500 853 569 914 illae
591 853 816 931 incompositis
840 853 1017 914 immutatae
1039 857 1190 931 maneant,
1215 853 1271 915 hae
1296 870 1358 916 non

251 952 322 1013 item
340 966 346 1010 :
365 949 408 1011 sic
421 948 563 1010 radicalis
578 948 688 1027 {verbi
705 949 800 1027 lic-o,
821 949 854 1009 in
869 949 1033 1027 composito
1047 951 1127 1009 inter
1144 965 1172 1017 ÷
1190 950 1256 1028 lopo
1270 950 1304 1011 [it
1320 950 1333 1010 ἴ
1347 971 1358 1012 .-

251 1047 417 1126 intellipo;
433 1047 516 1127 quod
531 1047 549 1106 ἅ
564 1046 727 1108 radicalem
740 1047 860 1124 attinet,
881 1063 916 1108 ea
930 1050 976 1109 est
989 1047 1169 1108 mutationis
1182 1048 1258 1108 ratio
1278 1049 1359 1109 utin

251 1144 376 1226 syllabis
397 1144 509 1224 apertis
531 1144 564 1205 in
591 1143 603 1203 i
623 1147 810 1221 attenuetur,
832 1147 866 1206 ut
884 1160 910 1205 e.
934 1162 963 1222 g.
985 1161 1020 1206 ex
1043 1145 1179 1224 etp-itti,
1199 1142 1357 1224 scic-imus,

250 1244 389 1320 litt-ccco,
410 1243 514 1303 rt-tcc
528 1241 603 1303 [iant
620 1239 1026 1325 proecip-itis,cffic-tmuo,
1041 1240 1206 1321 delitesco,
1223 1241 1356 1304 trri-tus.

250 1339 377 1402 Ratione
399 1340 501 1402 eadem
525 1355 648 1401 necesse
673 1343 736 1400 erat
763 1355 799 1400 ex
824 1339 1004 1416 ad-dtmus,
1027 1338 1176 1417 ad-dlttis,
1196 1340 1357 1419 additus,

251 1440 315 1502 lieri
326 1437 497 1514 addimus,
512 1435 651 1515 ad-dttis,
664 1436 809 1498 additus.
823 1436 1001 1499 Exad-dtre
1012 1437 1077 1498 tieri
1090 1438 1194 1500 debuit
1204 1437 1358 1516 *od-dire·

251 1555 286 1600 ex
303 1537 475 1614 ad-dcirem,
491 1533 662 1597 *ad-dirom
676 1555 684 1612 ;
700 1535 753 1596 sed
767 1535 963 1597 consonantis
976 1552 994 1594 r
1007 1551 1042 1597 ea
1054 1536 1100 1598 ris
1112 1540 1157 1598 est
1174 1541 1206 1598 ut
1222 1536 1246 1616 i,
1271 1553 1358 1616 prae-

251 1636 356 1698 sertim
377 1635 448 1697 ext
471 1633 594 1695 radicali
616 1636 812 1710 attenuatam,
838 1631 963 1693 libenter
981 1632 1011 1694 in
1034 1634 1050 1693 ἕ
1072 1638 1180 1715 mutet,
1203 1640 1257 1698 aut
1278 1636 1356 1715 quod

250 1750 352 1796 rerum
375 1736 500 1795 naturae
522 1731 621 1810 magis
644 1733 877 1793 consentaneum
899 1730 1030 1809 videtur,
1052 1731 1215 1794 ut*te1d
1233 1732 1363 1800 radicali.

249 1836 349 1894 ortam
368 1831 448 1892 ultra
461 1829 610 1890 attenuari
630 1845 693 1890 non
712 1825 888 1907 patiatur⁴;
913 1828 1022 1908 itaque,
1042 1846 1139 1909 quum
1162 1831 1357 1909 'ef-licimus,

164 1916 165 1919 ¹
251 1929 473 2010 *prce-cipilic,
502 1926 685 2002 *de-litesco,
711 1927 862 2004 'tr-ritus,
878 1925 1066 2005 'od-dtmcc,
1091 1927 1248 1989 *additos
1263 1945 1360 2008 usque

250 2028 289 2090 ad
306 2026 464 2089 ivocalem
480 2025 495 2084 ἔ
508 2024 644 2087 decidere
655 2025 769 2103 sinant,
784 2025 816 2086 in
830 2025 919 2087 verbo
933 2024 1106 2093 cd-dcreex
1121 2026 1267 2088 *cd-dore
1279 2029 1358 2104 orto,

251 2125 448 2188 consonantis
462 2125 509 2186 vis
523 2124 654 2186 vocalem
670 2124 685 2183 t
698 2124 826 2203 proterit
836 2121 860 2183 ².

291 2223 423 2300 §bbis
446 2223 489 2284 Ex
511 2222 561 2284 bis
585 2221 701 2301 formis,
728 2220 886 2299 addimus,
910 2221 1041 2300 additae,
1069 2221 1207 2302 additus,
1231 2224 1357 2302 addire,

251 2324 363 2385 tactum
393 2324 448 2397 est,
478 2324 513 2381 ut
540 2321 707 2398 composita
732 2337 818 2398 saepe
849 2320 952 2381 tertiae
978 2322 1201 2402 coujugationis
1230 2322 1359 2402 speciem

248 2423 357 2484 darent
373 2436 380 2480 :
396 2419 510 2498 species
533 2435 597 2479 rem
612 2418 702 2495 lecit3
718 2419 798 2499 quod
818 2422 958 2500 φωνητιαή
980 2419 1028 2480 vis
1050 2428 1216 2500 μηχανικῶς
1235 2422 1360 2483 inchoa-

249 2521 346 2594 verat,
361 2518 409 2577 vis
424 2517 577 2596 ἀναλογίας
591 2515 724 2593 perfecit,
740 2519 769 2577 et
785 2533 880 2596 quum
901 2516 1036 2578 dicerent
1050 2517 1200 2592 addimus,
1217 2518 1360 2581 dixerunt

251 2619 281 2677 et
295 2615 397 2692 addis,
422 2614 555 2691 cddcnt,
570 2613 730 2691 addebam,
749 2614 874 2674 eddom.
890 2614 945 2676 Est
958 2631 1031 2677 vero
1052 2632 1144 2679 causa
1162 2616 1265 2695 altera,
1280 2634 1359 2696 quae

236 2712 296 2773 illi
318 2712 349 2772 vi
372 2711 526 2792 ἀναλογίας
550 2711 733 2773 validissime
757 2711 859 2773 favit:
885 2713 1009 2790 scilicet,
1030 2715 1109 2794 quod
1131 2715 1162 2775 in
1184 2715 1359 2794 compositis

251 2809 312 2870 dcc
326 2809 415 2872 rerba
430 2810 462 2870 in
478 2826 573 2872 unum
598 2809 724 2872 confusa
738 2811 925 2888 coalucmut,
950 2826 1080 2890 quorum
1096 2829 1191 2874 uuum
1206 2816 1252 2874 est
1270 2812 1356 2891 dire,

251 2908 381 2969 alterum
405 2922 478 2969 vero
501 2911 531 2969 et
544 2924 636 2969 sensu
651 2910 680 2969 et
698 2907 796 2970 forma
816 2908 982 2986 diversum,
996 2908 1096 2988 ‘dira
1113 2911 1195 2990 quod
1208 2903 1376 2990 significat*

254 3026 268 3059 c
285 3020 398 3084 ponere
411 3026 440 3064 ν.
1012 3035 1013 3039 =

288 3314 313 3369 l.
329 3313 369 3369 Hi
392 3318 459 3369 sunt
482 3312 690 3370 immutationis
714 3313 818 3386 gradus
835 3336 840 3367 :
857 3332 886 3384 a,
901 3331 924 3383 e,
943 3314 976 3376 i;
990 3331 1126 3385 asemper
1147 3315 1183 3371 ad
1201 3335 1215 3371 e
1234 3318 1355 3384 transit;

251 3418 323 3474 quae
346 3400 452 3458 vocalis
475 3402 536 3475 ipsa
551 3401 610 3458 adt
624 3401 727 3458 transit
739 3401 796 3457 nisi
810 3408 945 3474 sequatur
959 3423 974 3457 r
988 3408 1038 3458 aut
1053 3418 1211 3461 consonans
1229 3404 1333 3478 duplex
1348 3424 1355 3462 ε

250 3492 399 3562 coc-ric-io,
415 3492 465 3548 sed
480 3494 660 3562 confec-tce,
674 3492 834 3561 oct-dimus,
850 3491 901 3549 sed
914 3492 1047 3548 ad-de-re.
1076 3528 1078 3534 ·

243 3639 246 3645 ,
288 3580 314 3635 2.
331 3579 418 3653 Cujus
433 3581 477 3636 ris
499 3581 629 3653 exemplo
651 3597 711 3638 non
725 3596 809 3636 rara:
826 3581 867 3638 sic
881 3597 897 3638 e
911 3580 1032 3653 simplici
1051 3581 1146 3652 potr-io
1169 3583 1357 3654 compositum

250 3670 382 3740 rc-ptrr'o,
406 3686 465 3726 non
487 3676 599 3741 autem,
630 3670 705 3744 quod
734 3686 769 3726 ex
797 3669 931 3740 reficio
963 3669 1171 3743 expectandum
1198 3671 1356 3747 videbatur,

250 3757 368 3829 *reptrio
379 3780 389 3822 ,-
405 3759 476 3814 item
499 3759 579 3815 radix
598 3760 630 3813 oct
650 3759 775 3832 (serere),
800 3777 888 3832 quum
908 3775 943 3815 ex
964 3757 1109 3832 participio
1133 3760 1256 3832 simplici
1269 3762 1357 3817 sci-tce

250 3847 380 3906 trahetur
389 3847 528 3918 construo,
539 3848 569 3903 in
584 3847 746 3919 indicativo,
759 3847 834 3922 quod
843 3848 1095 3920 reduplicationem
1106 3850 1221 3921 patitur,
1235 3869 1246 3903 α
1263 3867 1326 3909 sero
1342 3872 1354 3905 ν

250 3937 346 4010 habet,
362 3954 420 3995 non
434 3944 529 3995 autem
543 3938 600 3994 siro
614 3940 719 4011 (bi-co)
735 3939 810 4012 quod
824 3957 859 3996 ex
873 3941 956 3994 si-slo
975 3938 1065 4006 (radix
1079 3947 1133 4005 sto)
1146 3941 1351 4014 expectabatur.
