3006 5064
682 460 820 516 ..7.-

195 587 326 669 gationis
333 587 471 668 ἀναλογία
480 587 612 666 irrepsit.
626 587 705 649 Hinc
716 585 767 664 do,
776 603 832 667 pro
841 587 926 648 dli-m
935 588 1085 649 autrici-m
1097 586 1144 667 (ci.
1154 591 1301 667 inqua-m,

196 684 330 763 eslu]m);
349 705 363 738 u
380 684 453 745 dem
474 686 527 748 aut
540 685 611 746 ddm
628 707 642 741 e
659 685 778 762 scripsi,
798 685 869 764 quia
891 685 1039 765 ejusmodi
1063 685 1248 764 conjugatio,
1269 679 1303 746 in

195 783 428 862 quibuscunque
451 782 563 862 linguis
585 781 695 862 viget',
710 783 821 844 radicis
835 784 970 844 vocalem
991 782 1081 844 habet
1100 783 1133 843 in
1153 782 1304 862 singulari

195 896 324 943 numero
336 881 526 959 productam,
552 881 585 943 in
599 880 709 960 plurali
725 870 919 943 contractam.
935 880 1011 943 llinc
1025 883 1057 942 in
1072 896 1177 961 graeca
1192 897 1199 941 :
1216 882 1304 963 φη-μί

194 980 277 1061 φοι-μί
300 977 396 1056 (radix
416 977 477 1057 pite
496 977 587 1058 ped),
605 978 656 1040 sed
670 983 773 1060 φοι-μέν
791 975 885 1058 (radix
902 977 977 1060 pti)
991 977 1025 1056 ²3
1048 980 1120 1042 hine
1141 977 1304 1060 conjectari

194 1077 265 1139 licet
278 1077 453 1139 veterrimas
467 1075 563 1138 luisse
574 1076 648 1138 olim
662 1075 775 1138 formae
785 1075 894 1154 *dd-m,
905 1064 985 1155 dat-r,
994 1075 1130 1159 *da-tu),
1145 1077 1188 1139 ita
1198 1081 1232 1139 ut
1241 1076 1304 1139 sint

194 1173 266 1235 dds
275 1173 357 1235 *dac
368 1172 414 1251 (l),
426 1190 487 1235 non
497 1178 629 1236 recentes
638 1191 692 1252 per
706 1174 858 1255 ἀναλογίαν
869 1175 1011 1238 inductae
1021 1176 1145 1251 formae,
1155 1175 1305 1238 sedveter-

194 1272 289 1334 rimae
302 1287 337 1334 ao
346 1273 563 1355 prae-lotteoe,
576 1288 673 1334 unum
689 1275 790 1335 eutem
803 1271 843 1334 dc
856 1276 1068 1352 inorgaoioum
1079 1277 1109 1336 et
1122 1273 1243 1335 aliunde
1253 1273 1305 1334 in·
1338 1337 1349 1361 ι

195 1370 320 1433 ductum
337 1387 403 1432 esse
418 1369 566 1432 videatur.

233 1469 288 1532 Est
309 1468 433 1531 verbum
451 1467 536 1530 aliud
558 1467 651 1546 quod,
670 1484 766 1548 quum
783 1467 867 1546 olim,
883 1472 918 1530 ut
931 1469 1094 1531 verisimile
1115 1471 1173 1548 est,
1193 1468 1306 1530 directe

151 1641 153 1644 ¹
196 1568 423 1646 conjugaretur,
439 1567 471 1628 in
486 1567 620 1645 primum
634 1565 771 1628 ordinem
786 1569 883 1628 totum
906 1568 1028 1629 transiit
1044 1583 1051 1627 :
1068 1565 1150 1628 stdre
1168 1566 1303 1643 scilicet3

195 1667 284 1744 cujus
304 1664 435 1726 radicem
450 1664 545 1725 fuisse
558 1664 607 1724 stit
621 1667 772 1726 testantur
785 1664 963 1726 etiamnunc
975 1658 1086 1726 sti-tor
1107 1663 1152 1744 (cf.
1175 1662 1303 1743 dit-lor),

194 1763 325 1823 sti-tim
338 1761 556 1837 (accusativum
566 1762 700 1823 nominis
711 1762 992 1841 *stoli-seod·er-;),
1004 1763 1108 1824 sti-tio
1122 1762 1168 1841 (cl.
1181 1761 1303 1838 ute-tto),

194 1857 365 1920 old-tulum
390 1859 538 1937 [stationis
566 1859 659 1938 locus)
675 1857 697 1919 ³.
723 1857 763 1920 At
784 1860 832 1921 vis
856 1860 1020 1940 ἀναλογίας,
1046 1877 1082 1921 ex
1105 1862 1182 1922 sid-s
1204 1859 1303 1935 'sicit

195 1971 351 2036 aggressa,
365 1955 619 2018 caeterasformas
633 1955 749 2032 infecit,
765 1956 806 2018 ita
823 1961 855 2018 ut
866 1956 993 2029 verbum
1009 1960 1105 2019 totum
1124 1958 1157 2018 in
1171 1957 1306 2036 primum

197 2053 332 2116 ordinem
347 2055 500 2115 transiret.
518 2053 603 2124 Quod
617 2055 650 2114 in
664 2053 713 2115 sid
723 2053 838 2116 factum
852 2056 909 2132 est,
921 2054 953 2116 in
969 2053 1011 2115 dt
1026 2055 1091 2116 lieri
1102 2058 1233 2134 coeptum
1246 2057 1303 2130 est,

198 2168 261 2214 non
278 2167 347 2214 vero
364 2152 450 2231 longe
464 2156 644 2231 grassatum.

729 2424 772 2489 11.

240 2617 307 2684 Cur
317 2617 492 2704 composita
503 2617 593 2683 verbi
607 2619 696 2685 dore
709 2617 836 2683 tertiam
846 2617 1100 2704 conjugationem
1113 2617 1305 2704 sequantur?

237 2822 296 2902 §t
314 2820 517 2901 Compositum
536 2821 663 2883 verbum
685 2821 833 2900 simplicis
846 2821 1089 2902 conjugationem
1103 2822 1189 2901 sequi
1203 2822 1278 2884 solet
1296 2839 1302 2882 :

196 2937 232 2983 ex
246 2921 373 2996 soe-ds,
396 2917 539 2997 moe-d-s,
562 2918 682 2998 leq-is,
705 2915 825 2980 aud-ic
844 2918 922 2982 flunt
944 2922 1102 2997 reconde,
1123 2916 1304 2999 admon-eo,

197 3017 393 3097 intellig-io,
416 3012 594 3096 saraed-iffi
608 3033 644 3079 ex
662 3017 803 3093 sid—mus,
823 3017 857 3078 lit
876 3016 1053 3078 metamus.
1070 3015 1106 3078 ln
1120 3017 1210 3079 verbo
1228 3017 1306 3080 dore

197 3132 257 3177 non
292 3117 390 3192 item,
418 3131 516 3195 neque
542 3115 655 3177 dicitur
679 3115 874 3193 *od-dimus,
907 3115 1101 3193 'od-ditum,
1139 3115 1304 3193 *odddtm

196 3212 376 3292 *od-ditus,
402 3212 454 3274 sed
469 3211 637 3290 cci-dimus,
653 3209 831 3292 addebam,
855 3212 998 3291 act-dam,
1013 3212 1175 3290 addeum
1197 3213 1227 3275 id
1246 3217 1304 3292 cst,

197 3313 363 3391 composita
376 3311 495 3374 tertiam
509 3314 687 3391 sequuntur.

233 3512 259 3567 l.
275 3508 393 3579 Graeca,
409 3506 557 3576 sonamite,
572 3506 699 3577 nendice,
714 3512 743 3563 et
757 3507 881 3574 σποραδήν
894 3506 996 3578 getica.

232 3597 259 3655 2.
280 3597 354 3654 Item
374 3613 390 3654 e
408 3596 502 3654 radice
519 3598 563 3647 Fre
586 3615 597 3649 c
619 3596 733 3654 novisse
754 3614 779 3667 o,
801 3597 890 3646 Fore-e
904 3595 1005 3660 (olo-a),
1022 3596 1072 3654 sed
1092 3596 1192 3660 Fls-geo
1207 3597 1305 3662 (ῐδ-μεν,

196 3688 305 3754 ῐσ-μεν);
322 3687 353 3742 in
367 3686 520 3757 sanserita,
545 3701 581 3741 ex
594 3684 695 3742 eadem
718 3684 814 3742 radice
826 3685 884 3755 vid,
899 3686 999 3740 cai-da
1013 3684 1110 3756 (novi),
1136 3684 1186 3742 sed
1204 3684 1306 3740 oid-mn

197 3776 372 3849 (novimusl;
387 3777 418 3832 in
432 3776 548 3833 zendica
560 3775 658 3830 vaco-d
670 3773 774 3852 (novi),
799 3775 900 3844 odio-ta
918 3773 1046 3845 (novisti,
1070 3773 1186 3845 Fuisse),
1210 3773 1305 3830 sedin

197 3864 315 3938 reliquis
330 3863 428 3922 formis
439 3865 495 3920 vid.
508 3865 581 3921 ltem
596 3865 628 3920 in
642 3863 735 3936 gotiae
750 3879 756 3918 ε
771 3864 832 3918 ecit
845 3863 944 3934 (novi),
959 3864 1057 3920 vit-um
1071 3864 1236 3931 (novimus).

234 3955 259 4012 3.
276 3955 342 4013 Non
362 3955 419 4010 huc
433 3954 569 4011 traxerim
585 3953 703 4025 libolo,
718 3952 846 4009 umbrica
859 3955 943 4025 elofla
952 3977 962 4017 ;
979 3969 1051 4027 qnae
1075 3952 1231 4023 diviserim,
1246 3966 1305 4008 nen

199 4043 231 4099 in
255 4043 365 4100 toi-bulo
386 4045 494 4116 sto-sto,
518 4043 568 4100 sed
589 4043 700 4098 tat-ota
722 4043 831 4114 stef-la,
855 4059 871 4099 e
891 4041 984 4100 radice
1006 4041 1068 4098 stab
1083 4044 1151 4115 stas,
1167 4040 1306 4098 senserita

198 4133 280 4189 stobe
296 4154 307 4184 o
326 4131 435 4203 fulcire,
461 4133 561 4190 sistere
578 4151 611 4201 »;
634 4147 707 4205 qnae
721 4136 818 4188 utrum
841 4148 907 4190 cum
925 4134 990 4189 otta
1012 4131 1122 4204 origine
1144 4131 1303 4203 cohaereat,

200 4238 307 4292 annon,
322 4220 396 4279 nihil
410 4221 445 4277 ad
459 4238 530 4278 rem.
