3006 5064
587 444 745 501 ..47-

154 577 169 656 5
189 581 237 639 ll.
262 573 356 637 Radix
371 590 441 637 vero
455 573 547 650 nuda,
563 590 641 653 quae
654 589 778 652 graecae
792 573 1019 651 darespondeat,
1036 589 1097 636 non
1112 573 1222 635 italicis

114 676 229 754 linguis
244 675 348 754 ignota
358 678 414 735 est.
433 672 498 735 Huc
512 672 665 734 retulerim
681 671 853 733 umhricum
867 668 946 749 satu
961 695 976 728 a
992 671 1082 735 facito
1096 696 1125 753 n,
1141 661 1223 753 quod

115 772 212 834 oritur
226 787 261 832 ex
276 770 372 833 radice
392 769 605 848 sesecundum
620 773 760 848 quartam
780 771 950 849 conjugata,
976 770 1018 831 ila
1038 774 1073 831 ut
1085 767 1165 849 scitu
1183 770 1223 831 sit

114 873 304 933 contractum
317 885 353 930 ex
377 869 504 946 *sc-iim
513 887 525 947 ;
540 869 628 947 cujus
651 867 873 947 conjugationis
890 868 922 928 in
937 868 1036 931 radice
1049 868 1111 930 diro
1131 869 1225 932 slavi-

116 984 186 1031 cum
199 970 246 1029 est
258 966 410 1045 exemplar
423 963 555 1044 adpo-ti
570 988 584 1020 e
602 965 700 1026 facere
714 985 747 1041 »3
763 966 825 1027 huc
841 965 1010 1028 embricum
1024 963 1123 1045 pic-io*
1148 989 1162 1022 c
1179 967 1225 1030 fa-

115 1066 173 1129 ciat
189 1089 218 1145 a,
239 1066 319 1145 quod
334 1069 379 1126 est
403 1080 543 1143 graecum
566 1065 653 1141 θε-ίη.
673 1061 839 1147 Huoetiam
854 1063 982 1126 latinum
996 1066 1038 1142 fio
1051 1081 1086 1126 ex
1100 1062 1224 1145 *set0²;

115 1167 204 1245 cujus
221 1180 346 1227 sensum
362 1164 436 1227 olim
450 1162 546 1225 fuisse
559 1162 691 1224 activum
703 1162 812 1224 docent
826 1164 900 1225 satis
910 1167 940 1224 et
952 1163 1020 1240 fieri
1033 1167 1063 1225 et
1076 1164 1225 1227 obsoletae
1285 1226 1287 1229 .

45 1247 49 1253 ’
116 1261 230 1324 formae
252 1259 414 1341 strumosi,
431 1257 521 1339 siler,
542 1261 705 1338 ficiuntur,
722 1260 764 1321 ita
780 1264 813 1322 ut
826 1262 892 1338 fito,
911 1260 970 1337 fiat
989 1261 1226 1340 significaverint

116 1360 189 1432 olim
209 1360 241 1421 in
264 1359 357 1421 latina
380 1359 459 1420 idem
479 1359 560 1437 quod
575 1357 755 1424 inumhrica
769 1359 859 1438 seito,
874 1356 951 1438 scio,
974 1360 1004 1423 id
1023 1364 1069 1422 est
1086 1383 1100 1415 c
1116 1360 1222 1441 facito,

43 1517 45 1519 ,
116 1460 212 1535 sociat
228 1480 255 1518 a.
271 1491 312 1503 -
325 1456 379 1518 Ubi
392 1472 463 1519 vcro
476 1455 601 1518 verbum
615 1453 697 1535 socio
711 1455 841 1518 invaluit
853 1460 883 1518 et
896 1457 1029 1519 radicem
1043 1459 1086 1536 sc·
1098 1460 1225 1538 expulit,

116 1560 183 1617 tum
201 1556 323 1619 demum
335 1555 377 1632 fio
391 1572 427 1617 ex
441 1555 535 1618 activo
550 1571 640 1618 sensu
664 1555 702 1618 ad
716 1555 887 1634 passivum,
904 1556 953 1619 vel
966 1555 1067 1636 potius
1081 1560 1227 1619 neutrum

118 1653 250 1715 transiit.
933 1666 935 1668 ’

157 1750 200 1811 Ex
215 1751 272 1813 hac
286 1751 386 1814 radice
402 1748 445 1830 st,
463 1750 534 1829 dit,
550 1750 676 1814 verbum
691 1750 763 1812 dere
776 1751 810 1812 in
825 1752 1000 1830 compositis
1020 1750 1046 1833 (ᾗ
1062 1751 1105 1834 5).

157 1848 172 1928 ᾗ
193 1855 242 1910 25.
266 1847 350 1919 Quae
363 1847 464 1910 adhuc
488 1849 628 1928 indagata
649 1852 733 1926 sunt,
759 1847 802 1911 sic
815 1865 934 1911 summa
948 1849 1115 1929 colligenda
1128 1855 1225 1914 sunt:

159 1952 189 2009 i⁰
203 1946 257 2009 Est
270 1947 302 2008 in
317 1947 411 2008 latina
425 1947 530 2027 lingua
545 1947 628 2008 radix
645 1947 687 2008 dd
705 1946 795 2026 (dare)
809 1968 816 2024 3

114 2101 119 2112 .
157 2051 188 2106 2⁰
205 2043 242 2107 ln
266 2045 450 2124 compositis,
474 2062 544 2108 cum
565 2044 622 2106 hac
643 2043 782 2106 coalescit
797 2044 880 2107 radix
896 2044 945 2123 dt,
969 2046 1128 2126 olim'dltt,
1153 2046 1227 2125 dito,

120 2159 261 2220 «ponere
276 2162 304 2218 »3
503 2205 505 2210 ,
949 2181 952 2187 -

158 2245 189 2300 3⁰
199 2239 278 2302 llaec
290 2239 384 2302 altera
395 2239 540 2319 radixdi,
557 2239 629 2302 olim
640 2239 712 2319 dni,
728 2239 801 2319 dio,
814 2238 944 2319 simplici
954 2241 1046 2304 verbo
1056 2243 1228 2323 conjugata,

119 2338 247 2400 formam
262 2340 303 2416 se,
320 2334 373 2416 soc
385 2338 518 2416 affectat,
533 2354 626 2400 sensu
638 2339 747 2417 sonere

159 2435 236 2499 Hinc
255 2437 406 2517 seqnitur,
430 2437 562 2499 radicem
589 2437 652 2498 dlto
674 2437 707 2498 in
730 2437 904 2515 compositis
923 2455 1048 2502 sensum
1068 2439 1228 2519 antiquum

121 2551 270 2614 servasse,
298 2536 329 2596 in
353 2534 446 2597 verbo
469 2535 600 2614 simplici
623 2551 734 2598 norum
759 2535 958 2618 explicuisse;
980 2537 1059 2616 quod
1078 2536 1176 2600 eilocit
1195 2554 1230 2600 ea

120 2650 211 2713 quam
235 2633 341 2696 dicunt
361 2656 375 2688 c
399 2634 461 2695 vim
484 2633 658 2713 partitionis
682 2656 696 2689 c
724 2649 731 2693 :
757 2634 901 2701 haecest
921 2635 1035 2709 scilicet
1055 2635 1231 2716 linguarum

120 2734 229 2794 natura
244 2748 279 2793 ac
295 2732 341 2793 lex
365 2735 409 2810 ut,
428 2733 545 2812 quoties
561 2749 622 2794 una
644 2735 672 2793 et
688 2732 791 2795 eadem
814 2732 912 2796 forma
925 2733 956 2796 in
975 2733 1051 2797 duas
1064 2734 1228 2812 dividatur,

63 2839 65 2846 ’
122 2833 248 2909 utraque
261 2830 321 2892 sibi
334 2846 447 2892 novam
462 2830 712 2910 significationem
729 2834 817 2909 creet,
833 2831 876 2893 ita
887 2835 922 2895 ut
935 2849 1046 2896 sensus
1060 2832 1150 2896 simul
1160 2850 1231 2896 eum

120 2927 228 3005 forma,
253 2932 283 2988 et
306 2944 393 2990 mens
414 2944 484 2990 cum
506 2944 628 3008 corpore
650 2930 702 2991 liat
725 2928 855 3008 duplex3
879 2930 954 2993 hinc
979 2930 1031 2993 uhi
1060 2930 1145 3015 radix
1168 2931 1231 2992 dito

121 3026 214 3087 aliam
228 3024 355 3087 formam
371 3026 470 3088 induit
484 3027 517 3089 in
534 3049 548 3082 c
564 3027 691 3104 addidit,
708 3013 823 3089 abdidit
838 3051 867 3107 n,
879 3032 948 3107 etc,
963 3027 1054 3090 aliam
1067 3029 1100 3090 in
1113 3029 1228 3108 foc-io,

120 3123 233 3203 fer-der,
250 3121 303 3203 fio,
320 3140 419 3204 neque
432 3124 539 3187 sentiri
550 3124 729 3205 jampotuit
744 3141 837 3188 unam
857 3127 888 3188 et
901 3125 1037 3188 eamdam
1051 3126 1182 3188 radicem
1196 3126 1231 3188 in

123 3323 224 3380 dod-rt
240 3343 251 3377 r
269 3325 385 3398 schoen‚
400 3331 451 3399 gut
466 3345 497 3395 »3
512 3326 547 3384 cl.
560 3327 629 3383 slav.
642 3326 736 3397 dod-a,
754 3348 766 3381 ι
783 3327 979 3403 opportunitas
995 3348 1019 3400 l,
1034 3335 1091 3402 got.
1104 3328 1231 3401 dodon,
1337 3309 1345 3332 ‘

122 3411 189 3467 -dcb
213 3432 226 3465 r
248 3430 351 3487 passen
375 3434 387 3469 n
412 3437 418 3471 ε
443 3431 503 3473 non
525 3417 691 3488 negaverim
715 3417 783 3473 satis
806 3417 881 3475 inter
904 3433 934 3474 se
955 3433 1111 3491 congruere
1138 3418 1231 3491 quoad

122 3519 239 3559 sensum
250 3503 332 3573 sobre
346 3511 375 3561 et
388 3503 496 3570 dobrai,·
511 3505 558 3563 sed
575 3506 700 3577 infabre
714 3508 763 3565 hic
777 3525 878 3565 sensus
897 3525 956 3566 non
970 3509 1087 3567 innatus
1101 3514 1162 3575 est;
1178 3525 1232 3566 nec

115 3590 203 3664 faber
215 3590 294 3648 aliud
307 3599 351 3649 est
364 3611 451 3668 quam
467 3614 479 3647 ι
495 3595 610 3652 ouvrier
625 3614 651 3667 n,
666 3612 832 3670 quanquam
849 3596 948 3654 «faber
961 3617 985 3668 r,
1000 3604 1033 3654 ut
1048 3617 1060 3650 ι
1077 3595 1189 3655 ouvrier
1205 3616 1230 3670 n,

122 3685 216 3752 potest
238 3696 289 3752 per
312 3688 477 3739 contextum
502 3681 564 3738 fieri
586 3703 598 3736 a
620 3683 716 3740 habile
735 3685 849 3742 ouvrier
865 3701 898 3756 »3
916 3706 928 3739 ι
939 3684 1025 3757 fabre
1044 3684 1152 3743 factum
1168 3704 1180 3739 ›
1196 3709 1232 3736 =

125 3787 137 3820 c
161 3767 212 3824 fait
234 3769 267 3824 de
287 3771 362 3825 main
384 3769 523 3827 d'oacrier
546 3791 578 3840 »3
601 3787 647 3829 ars
672 3772 852 3845 subauditur,
874 3789 933 3831 non
956 3773 987 3829 in
1011 3773 1074 3847 ipsc
1093 3773 1231 3832 uocabulo

123 3857 302 3930 exprimitur.
1050 3909 1053 3913 ,

158 3947 184 4001 l.
201 3944 267 4003 Non
281 3946 357 4020 quod
378 3948 507 4006 umbrica
529 3949 653 4008 radicem
667 3953 722 4022 foc
742 3949 863 4024 ignoret,
884 3957 917 4007 ut
931 3958 1047 4025 apparet
1069 3969 1104 4010 ex
1118 3953 1230 4025 soluat,

122 4034 266 4106 saltarent,
280 4036 366 4106 sopio,
379 4039 466 4108 papiu.

158 4124 183 4182 2.
201 4122 243 4181 Gi.
268 4123 391 4196 (turtius,
407 4125 582 4200 Grandaeiipa
603 4127 656 4186 ι,239
676 4127 735 4200 (uhi
758 4144 825 4186 vero
849 4129 963 4202 ponitur
985 4129 1081 4200 'pa-tot
1101 4153 1109 4186 :
1133 4135 1232 4188 contra

125 4212 247 4271 Gorssen
262 4213 311 4285 (Π,
328 4214 400 4286 739),
415 4217 513 4274 minus
527 4223 603 4291 apte,
618 4233 653 4274 ax
669 4218 763 4277 radice
770 4221 817 4290 su.
847 4237 848 4240 ¹
