3006 5064
671 463 771 527 μη
792 489 831 505 ..-

197 590 301 670 plures
322 604 398 668 quae
417 589 579 669 antiquum
604 589 623 650 ct
643 589 819 653 declarent:
839 590 1015 671 hujusmodi
1036 591 1163 654 suntin
1186 607 1304 670 graeea,

197 690 283 759 extre
306 687 560 768 conjugationem,
591 687 707 765 δό-σι-ς,
742 689 852 771 δονεήρ,
875 689 998 768 teate,
1027 688 1145 768 δκέος,
1175 690 1209 751 in
1238 689 1306 768 ipsa

196 785 418 864 conjugatione,
442 785 544 864 δο-ίην,
568 786 710 865 dod-ppo,
735 786 836 866 {dd-tro,
874 787 963 864 δό-τε,
992 787 1131 863 dhon-ee,
1156 787 1305 866 ἑ·δ6-μην,

197 883 349 962 δό-μενυς,
365 884 579 964 dett-aeram
596 885 656 947 huo
668 878 759 947 etiam
780 883 943 948 trahendae
956 884 1156 962 reduplicatae
1179 886 1305 963 formae,

196 998 292 1062 quum
306 981 429 1044 alternis
441 982 556 1046 deibus
565 987 694 1062 ponatur
707 983 788 1046 δι-δω
802 987 833 1045 et
841 982 932 1060 δι-δος
947 983 1029 1061 prior
1043 986 1143 1044 autern
1158 983 1193 1044 in
1207 986 1307 1045 aetivo

197 1083 317 1142 tautum
340 1079 488 1160 singulari
517 1079 674 1144 indicativi
697 1084 726 1143 et
749 1080 916 1161 imperfecti
941 1080 1131 1158 adhiheatur,
1155 1081 1250 1143 altera
1272 1082 1307 1144 in

196 1179 331 1257 caeteris,
347 1177 390 1240 ita
403 1182 437 1241 ut
449 1183 590 1259 appareat
603 1179 637 1242 in
649 1178 803 1262 plerisque
817 1179 938 1243 nasibus
948 1178 1079 1242 radicem
1088 1195 1155 1242 esse
1165 1178 1208 1257 to,
1220 1178 1307 1242 idest

196 1274 292 1342 fuisse
305 1277 378 1339 olim
393 1276 447 1339 dd.

198 1427 200 1430 Α
234 1371 271 1436 In
294 1374 477 1454 germanica,
492 1390 588 1455 quum
602 1374 643 1436 da
659 1396 674 1431 a
688 1375 787 1438 dare»
803 1374 891 1452 desit,
912 1376 1014 1436 tamen
1027 1373 1090 1437 dha
1115 1396 1130 1430 a
1152 1391 1264 1454 ponere
1289 1400 1304 1432 a

195 1469 309 1535 indicat
330 1471 479 1535 exstitisse
503 1471 598 1534 simul
612 1473 744 1554 radicem
767 1488 836 1535 oum
861 1471 959 1534 vocali
981 1490 1001 1533 a
1021 1476 1051 1534 et
1075 1472 1207 1535 radicem
1234 1489 1305 1536 eum

195 1568 290 1632 vocali
303 1586 340 1648 o;
353 1585 450 1648 quum
464 1569 546 1630 enim
560 1573 649 1632 vetus
663 1571 823 1632 teotiseum
842 1568 949 1632 haheat
963 1574 1073 1649 tao-ra,
1093 1575 1187 1648 tao-a,
1209 1576 1303 1648 tao-t,

195 1670 251 1730 ete.
280 1665 303 1744 (5
324 1666 390 1744 29),
413 1666 446 1728 in
468 1667 581 1746 quihus
599 1685 639 1728 uo
661 1684 696 1732 ex
717 1667 843 1747 antiquo
864 1665 882 1728 d
905 1666 1073 1746 proeediu,
1097 1669 1178 1748 quod
1199 1684 1306 1731 revera

196 1763 317 1827 exhibet
339 1765 627 1844 anglo-saxoniaum
653 1762 694 1827 dd
711 1788 726 1821 a
742 1765 819 1828 laeio
836 1789 863 1844 a,
887 1762 966 1826 dci-n
989 1766 1117 1828 «faeere
1133 1787 1161 1844 »3
1200 1784 1220 1826 a
1256 1783 1307 1829 re·

195 1861 307 1925 mansit
320 1861 353 1923 in
366 1863 428 1924 tat-t
445 1863 602 1942 (recentius
615 1863 763 1943 seriptum
777 1864 856 1925 Ttat
872 1885 887 1919 a
903 1864 981 1926 aetio
996 1863 1021 1941 a)
1035 1861 1059 1924 a·

234 1958 271 2023 In
285 1959 405 2039 slaviae,
422 1961 485 2023 sola
499 1961 609 2024 vosalia
623 1979 643 2022 a
656 1965 799 2040 apparet3
823 1963 909 2023 ata-tt
932 1960 1033 2040 (dare),
1056 1961 1136 2022 dart
1152 1959 1302 2041 (donum),

195 2055 331 2136 dape-tt
347 2057 435 2137 [derel
449 2078 457 2137 ;
473 2057 564 2121 etiam
577 2058 610 2120 in
634 2058 817 2138 reduplieeta
836 2057 935 2120 forma
954 2056 1101 2150 *dud-ml,
1128 2057 1216 2119 domi
1232 2057 1304 2137 [dol3

194 2155 247 2218 sed
260 2171 339 2236 quae
352 2155 395 2218 sit
407 2157 518 2219 voealis
530 2155 700 2236 quantitas,
717 2156 874 2218 incertum.

236 2253 340 2316 Latine
354 2254 448 2334 igitur
461 2254 567 2333 lingua
581 2269 643 2316 non
657 2270 721 2316 una
740 2270 776 2316 ex
788 2253 947 2333 europaeis
959 2253 1118 2333 antiquam
1136 2253 1273 2316 votalem
1286 2272 1308 2315 a

195 2353 334 2430 servarit,
351 2355 381 2414 et
398 2352 497 2432 quoad
512 2355 715 2430 quantitatem
740 2367 803 2413 non
828 2350 932 2414 minus
954 2351 1052 2413 fidelis
1072 2355 1195 2430 apparet
1212 2367 1308 2433 quam

195 2450 295 2530 quoad
304 2450 485 2528 qualitatem
499 2466 506 2511 :
525 2450 674 2512 nonenim
688 2450 837 2512 sanserita
847 2450 937 2512 modo
952 2449 1087 2512 voaalum
1104 2450 1122 2508 ἅ
1134 2449 1246 2528 arguit,
1260 2466 1308 2512 ve·

196 2564 265 2610 rum
286 2548 376 2608 etiem
393 2563 497 2626 graece
511 2564 564 2626 per
578 2570 604 2611 0.
622 2547 696 2609 Erat
720 2548 752 2609 in
772 2548 992 2627 indo-europea
1014 2547 1099 2609 radix
1113 2547 1155 2607 dt
1173 2550 1202 2608 et
1221 2547 1307 2609 radix

195 2645 257 2725 do‚·
277 2643 350 2706 Asia
370 2648 399 2706 et
413 2643 573 2708 Germania
586 2646 628 2706 dd
639 2647 834 2723 expulerunt3
852 2643 977 2708 Graecia
989 2650 1150 2726 utramque
1160 2646 1304 2724 servavit3

195 2740 291 2805 Roma
312 2744 445 2822 priorem
457 2743 547 2806 modo
562 2745 595 2805 in
611 2745 832 2825 conjugatione.

236 2844 250 2916 i
273 2843 323 2904 32.
346 2841 389 2904 llx
410 2842 459 2903 his
479 2855 557 2921 quae
570 2842 697 2921 praefati
720 2859 827 2905 sumus
852 2845 977 2921 apparet
990 2842 1024 2904 in
1040 2853 1188 2921 europaeo
1201 2842 1306 2922 lingua
1332 2874 1335 2881 ·

195 2939 238 3000 da
251 2939 385 3003 divisum
401 2939 496 3002 fuisse
510 2940 543 3001 in
556 2938 598 3002 da
611 2943 641 3002 et
655 2942 694 3002 do
701 2960 714 3020 ;
738 2941 778 3002 cto
799 2943 833 3003 in
855 2957 959 3019 greeae
981 2940 1192 3019 praevaluisse,
1217 2941 1260 3002 da
1273 2942 1306 3003 in

196 3036 291 3100 letina
308 3053 315 3098 :
331 3053 399 3100 non
416 3038 526 3100 desunt
546 3042 649 3100 tamen
671 3054 750 3119 quae
772 3038 805 3101 in
819 3038 913 3101 latina
930 3055 966 3100 ex
979 3038 1078 3100 radiae
1094 3038 1134 3099 do
1147 3039 1307 3117 repetenda

195 3134 268 3197 sint.
285 3133 366 3198 Haeo
380 3138 453 3198 sunt
465 3135 498 3196 in
512 3137 619 3214 primis
635 3155 643 3197 :
661 3133 802 3198 donum
814 3137 894 3215 quod
908 3138 1109 3215 repraesentat
1123 3136 1311 3217 sanseritum,

195 3231 353 3312 denham
364 3230 501 3312 *cto-tta,
517 3232 583 3295 ‹td-s
592 3235 674 3314 quod
687 3238 891 3315 repraesentat
900 3234 1040 3296 vedieum
1052 3233 1159 3294 ‹ld-tta
1171 3231 1305 3314 (munus,

195 3327 317 3410 oblatio)
330 3351 338 3408 ;
354 3329 442 3392 -doe
457 3331 488 3392 in
502 3331 677 3411 sacer-adt,
694 3333 728 3394 in
742 3349 803 3415 quo
812 3333 988 3396 'acutissime
1011 3332 1206 3411 deprehendit
1220 3331 1307 3396 Brdel

194 3428 385 3491 veterrimam
410 3429 560 3508 participii
586 3430 727 3509 formam,
751 3433 793 3494 ita
816 3428 1033 3494 attacta-aot
1058 3430 1137 3492 nihil
1160 3430 1243 3492 aliud
1266 3431 1307 3493 sit

194 3543 286 3608 quarn
301 3526 511 3589 e-saara-aaas
527 3525 705 3608 (MemoireS,
718 3527 758 3605 Il,
781 3529 860 3608 llll).
879 3526 1039 3600 Ouum'ita
1054 3528 1150 3589 latina
1169 3528 1308 3590 exhibeat

194 3628 248 3688 aut
261 3624 304 3685 dt
317 3628 370 3688 aut
383 3622 439 3703 dd,
450 3642 557 3705 graece
573 3631 674 3688 autem
690 3631 743 3689 aut
757 3627 797 3688 do
816 3631 869 3690 aut
891 3625 941 3706 do,
964 3626 1077 3689 slaviae
1096 3627 1306 3690 tantummodo

158 3739 161 3745 ’
194 3725 249 3804 da,
264 3724 412 3788 senserite
425 3725 468 3786 da
478 3729 530 3787 aut
545 3726 596 3805 atat,
614 3726 683 3788 lieet
697 3726 770 3788 hine
783 3726 980 3789 eoneludere:

230 3954 256 4009 t.
282 3951 324 4010 ef.
347 3958 405 4026 got,
432 3951 557 4026 brother,
586 3962 667 4012 vetus
694 3960 762 4013 teot.
791 3954 919 4027 bruoder,
952 3953 1036 4012 hodie
1069 3954 1170 4010 brudeo·
1200 3953 1303 4028 (Bopp,

193 4042 425 4296 ἓξὲξὼθωὶοα
438 4140 520 4192 vetus
534 4133 620 4192 hahet
633 4133 739 4208 pariter
752 4153 771 4191 a
786 4159 794 4191 .·
809 4135 865 4191 date
881 4153 893 4190 α
909 4134 1017 4192 donum
1033 4154 1044 4189 a
1064 4136 1090 4207 (d
1104 4157 1132 4182 =
1147 4133 1174 4206 d,
1191 4131 1303 4192 Sahlal-

196 4237 264 4279 eer
305 4224 360 4288 71).
