3006 5064
681 449 840 507 ..pu-

209 579 300 639 latine
316 577 418 639 eadem
443 578 536 639 vooali
553 579 568 637 t
582 593 700 655 sonare,
720 579 763 640 ita
786 582 819 640 ut
832 578 940 639 dedere
954 579 994 640 sit
1007 593 1069 640 non
1084 578 1172 640 modo
1188 577 1318 641 *dedere

207 674 261 738 sed
282 678 313 737 et
332 675 456 737 de-dere
475 691 511 737 ex
529 675 631 738 radice
654 676 692 736 de
716 675 778 755 tte),
804 680 834 737 et
853 675 886 737 in
907 675 1083 755 oompoeitis
1102 676 1186 740 verbi
1203 677 1316 740 vocalis

206 773 277 834 esit
290 773 402 850 partim
416 773 531 852 innata,
547 788 608 835 non
621 777 723 836 autem
738 774 771 835 in
783 789 889 836 omnes
904 773 1015 837 termas
1023 774 1149 854 pervim
1159 777 1315 856 φωνητικήν

206 869 329 932 inducta
344 871 368 944 (ἓ
382 870 423 949 5).
897 870 901 876 ’

246 970 330 1042 52⁴.
353 965 408 1029 Hie
430 970 530 1030 autem
554 968 716 1047 insurgere
738 968 855 1031 ridetur
876 985 912 1031 ae
935 968 1138 1048 reclamaret
1160 975 1312 1052 purpurei.

205 1061 325 1128 Scilicet
338 1065 420 1143 apud
441 1064 566 1127 Latinos
580 1084 641 1127 uon
661 1082 776 1145 semper
798 1066 959 1145 antiquum
980 1066 1023 1128 dle
1041 1067 1112 1129 ind
1128 1070 1312 1148 attenuatur,

205 1164 257 1226 sed
270 1165 481 1226 tantummodo
494 1180 592 1244 quum
605 1163 740 1227 medium
753 1166 811 1242 est,
831 1163 863 1226 id
876 1169 923 1226 est
939 1164 1016 1226 inter
1030 1165 1146 1228 vocales
1160 1167 1293 1245 positum
1304 1187 1313 1244 3

203 1262 322 1341 quoties
335 1278 407 1324 vero
421 1262 559 1324 voeabuli
568 1264 659 1340 eaput
670 1264 727 1340 est,
739 1261 772 1324 in
786 1258 965 1340 smutatur.
980 1260 1040 1340 Sie,
1056 1279 1152 1342 quum
1167 1265 1314 1327 sanserito

81 1362 84 1365 ’
203 1363 233 1422 εῖ
246 1360 480 1439 indo-europaeo
496 1359 673 1439 medopam,
691 1359 868 1438 respondeat
890 1359 983 1422 latine
997 1359 1141 1438 medius,
1163 1363 1313 1424 sanserilo

203 1460 233 1518 et
255 1457 490 1535 indo-europaeo
513 1457 654 1518 dirimo-s
677 1456 839 1535 respondet
855 1455 947 1517 latine
965 1453 1093 1534 [dmum.
1112 1455 1187 1519 Item
1207 1475 1313 1538 graeoo

204 1576 220 1610 a
238 1555 306 1636 θύρα
322 1577 336 1611 o
358 1554 517 1633 respondet
534 1554 663 1615 latinum
682 1551 788 1633 soree;
802 1569 938 1633 graeco«
959 1555 1012 1637 θήρ
1031 1578 1059 1632 u,
1081 1554 1212 1618 latinum
1231 1554 1310 1636 fero.

203 1650 280 1713 Hine
293 1668 390 1732 quum
405 1652 437 1712 in
452 1652 550 1714 radioe
571 1651 645 1730 dtu,
671 1653 713 1728 te,
728 1652 861 1730 aspirata
879 1651 919 1714 sit
942 1652 975 1713 in
999 1654 1096 1731 eapite
1113 1653 1264 1732 vocabuli,
1280 1654 1312 1715 in

202 1748 298 1812 latina
311 1749 417 1829 lingue
431 1749 547 1811 servari
558 1748 673 1828 debuit,
689 1749 721 1810 io
732 1749 753 1826 f
760 1747 936 1827 assibilata;
951 1750 1101 1830 quomodo
1114 1751 1208 1830 igitur
1217 1751 1313 1832 potuit

201 1848 282 1926 ind,
297 1850 445 1927 tanquam
458 1848 569 1925 media,
584 1846 755 1909 attenuari?

241 1946 256 2022 ἒ
277 1951 326 2007 22.
343 1945 389 2007 Ad
410 1946 467 2008 hoo
491 1946 674 2024 respondent
696 1962 745 2008 res
767 1946 849 2024 ipsae
872 1950 1032 2027 utramque
1053 1947 1145 2027 legem
1166 1951 1312 2010 servatam

201 2059 305 2105 revera
318 2042 414 2124 fuisse
429 2059 436 2104 :
454 2047 668 2106 consonantem
684 2043 727 2106 dle
742 2045 856 2107 seilicet
869 2045 982 2124 duplici
996 2046 1086 2108 modo
1107 2046 1311 2124 immutatam,

200 2146 290 2221 prout
309 2141 409 2204 media
428 2146 482 2204 aut
502 2143 591 2204 initio
611 2143 710 2221 posita
731 2147 827 2220 esset3
850 2143 881 2204 id
904 2147 961 2219 est,
980 2147 1071 2222 prout
1094 2144 1126 2205 in
1146 2146 1311 2222 oomposito

200 2240 293 2301 verbo
307 2243 361 2301 aut
376 2240 408 2301 in
425 2240 566 2318 simplici.
583 2238 662 2311 Quid
680 2241 780 2302 enimi
799 2238 985 2303 Voeahulum
1010 2240 1091 2320 quod
1115 2257 1221 2320 graece
1240 2241 1311 2304 ἀπό-

200 2339 295 2411 θετα-ς
313 2341 410 2415 sonat,
426 2354 518 2417 quam
540 2338 666 2400 induere
686 2338 814 2400 formam
828 2339 861 2399 in
875 2339 969 2400 letina
983 2337 1102 2401 debuit?
1116 2339 1158 2401 Eo
1176 2343 1312 2419 tempore

199 2452 261 2516 quo
276 2436 500 2513 praeemlottuu
515 2437 620 2515 lingua
633 2437 667 2498 io
682 2437 759 2498 duas
774 2436 874 2498 divisa
888 2441 944 2514 est,
962 2437 1089 2499 sonabat
1102 2437 1202 2500 adhue
1220 2437 1312 2517 *apo-

199 2533 333 2608 dietas,
348 2533 485 2597 nondum
500 2534 661 2595 immutata
669 2535 811 2614 antiquae
819 2535 970 2614 aspiratae
980 2538 1088 2597 natura
1100 2556 1108 2612 3
1121 2552 1218 2617 neque
1230 2537 1310 2598 enim

199 2631 361 2693 verisimile
379 2634 501 2712 estjam
514 2631 558 2692 dt
574 2648 627 2693 seu
647 2633 681 2693 in
699 2633 714 2694 θ
728 2632 916 2709 induratum,
933 2648 985 2695 seu
1006 2633 1038 2694 in
1052 2632 1073 2693 d
1087 2632 1249 2711 mollitum,
1267 2634 1309 2695 ita

199 2733 234 2790 ut
248 2746 301 2808 per
313 2729 461 2808 duplioem
476 2729 674 2792 mutationem
694 2746 730 2791 ex
744 2730 796 2791 illo
811 2732 826 2792 θ
841 2730 874 2791 in
891 2729 984 2792 latina
998 2729 1056 2792 *dle
1075 2729 1108 2808 d,
1123 2733 1178 2791 aut
1197 2747 1233 2790 ex
1252 2730 1310 2791 hoe

199 2827 268 2888 din
283 2844 389 2906 graeca
404 2828 432 2887 *t
447 2827 637 2903 moriretur,
654 2844 751 2906 quum
770 2827 912 2889 facillime
930 2812 1035 2890 eontra
1047 2831 1077 2888 et
1096 2843 1235 2906 graecum
1251 2829 1312 2889 θεῖ

198 2925 329 2987 latinum
345 2928 367 2986 d
380 2943 415 2986 en
430 2925 554 3004 antiquo
568 2923 630 2987 dt*
655 2925 791 2988 diffluere
804 2927 966 3005 potuerint.
982 2924 1019 2987 ln
1034 2925 1086 2987 illo
1098 2929 1200 2987 autem
1217 2942 1310 3003 prae·
1327 2952 1330 2959 ·

200 3026 297 3085 lattuo
319 3024 544 3103 *upmdleto-s,
567 3024 609 3086 dle
629 3041 724 3104 quum
749 3024 883 3086 medinm
907 3028 988 3086 esset
1015 3023 1093 3085 idem
1117 3023 1179 3102 pati
1205 3021 1310 3084 debuit

198 3122 280 3201 quod
294 3121 336 3182 dt
356 3123 390 3183 in
404 3122 582 3201 praelatino
606 3123 788 3202 *medtpo-s,
811 3123 842 3184 id
866 3127 911 3184 est
933 3122 965 3183 in
989 3121 1189 3197 dattenuari,
1210 3121 1253 3182 ita
1275 3122 1310 3182 ιιῖ

198 3219 380 3283 vocabulum
405 3225 525 3283 sonaret
542 3221 738 3300 '‘opo-deme,
760 3220 841 3282 unde
860 3223 976 3299 postea,
992 3220 1080 3281 solita
1093 3218 1206 3280 uooalis
1226 3217 1309 3279 radi-

199 3319 274 3381 calis
297 3320 513 3393 attenuatione,
539 3317 742 3398 *apo-ditos,
775 3316 933 3378 ub-ditus.
959 3316 1033 3378 Item
1059 3315 1309 3396 graeco-latinum

199 3417 403 3492 *eui-dteto-s,
439 3417 519 3478 unde
552 3433 693 3496 graecum
724 3417 875 3492 ἔν-θετο-ς,
903 3414 1089 3486 factumest
1117 3411 1306 3491 *eut-ditus,

70 3510 76 3527 ⁸
197 3509 333 3574 inditus.
350 3511 415 3576 Non
430 3514 510 3594 quod
524 3517 627 3592 putem
642 3519 671 3574 et
685 3512 830 3576 voeabula
842 3534 856 3567 ι
866 3511 1008 3591 deditus,
1024 3511 1142 3588 editus,
1152 3512 1310 3591 proditus

196 3615 370 3690 caeteraque
392 3628 428 3672 ex
449 3611 673 3690 graeco-latinis
696 3611 801 3673 formis
818 3613 884 3672 orta
904 3625 968 3672 esse
986 3625 1064 3689 quae
1081 3625 1188 3687 graeca
1202 3609 1308 3688 lingua

196 3710 355 3773 amiserit:
376 3712 474 3790 potuit
486 3713 568 3773 enim
583 3711 688 3789 latina,
711 3709 764 3773 uhi
779 3713 867 3771 enata
880 3713 949 3773 sunt
966 3706 1087 3768 abditus
1104 3711 1158 3768 aut
1180 3706 1304 3785 inditur,

197 3825 233 3870 ex
246 3808 331 3869 omni
342 3809 562 3888 praepositione
575 3825 688 3871 novum
701 3809 797 3889 hujus
811 3805 929 3887 generis
936 3809 965 3868 εῖ
971 3805 1064 3886 hujus
1075 3805 1308 3892 signifieationis

195 3906 395 3986 compositum
412 3910 447 3970 ut
465 3906 554 3969 libuit
567 3906 748 3983 informare3
765 3909 919 3969 caeterum
934 3904 984 3969 ubi
998 3903 1032 3967 in
1046 3904 1162 3984 aliquot
1182 3920 1305 3982 eompo-

229 4121 256 4176 l.
270 4119 314 4177 De
334 4135 435 4193 graeca
456 4118 636 4177 induratione
655 4117 752 4175 mollio
771 4117 924 4190 aspiratae,
949 4116 1014 4175 vide
1032 4116 1067 4174 G.
1084 4113 1192 4192 Asooli,
1207 4115 1305 4173 Fono«

193 4208 278 4281 logia,
294 4208 308 4282 ἕ
324 4208 368 4266 al.
