3006 5064
676 367 834 424 ..33-

194 498 336 578 linguam
355 495 510 558 restituere
528 494 629 576 qualis
641 497 704 557 erat
718 510 753 557 eo
766 495 920 557 momento
933 493 1077 574 temporis
1090 509 1153 575 qno
1176 496 1308 575 populns

193 611 332 676 aryanns
352 593 471 657 divisus
493 596 538 656 est
560 609 567 653 :
593 592 654 656 huc
678 608 775 673 usqua
799 592 892 655 duces
917 590 1022 670 hahes,
1046 591 1169 672 linguas
1193 592 1308 656 scilicet

195 708 278 773 quae
292 692 365 754 hinc
386 690 627 768 descenderunt3
642 690 736 753 altius
756 690 783 753 ei
797 693 925 771 repetas,
949 691 982 752 in
1001 689 1118 752 deserto
1139 690 1222 753 eolus
1234 690 1306 754 arie.

230 788 344 853 dotari
359 793 460 851 tamen
474 792 573 869 potest
584 788 626 850 do
638 792 668 850 et
682 789 746 850 dtu
760 805 821 850 non
832 788 913 851 solas
924 803 990 850 esee
999 787 1032 848 in
1044 805 1063 849 u
1074 787 1189 851 radices
1198 789 1310 869 quibua

198 888 282 951 adsit
296 905 397 950 comes
411 887 496 949 radix
512 887 544 949 in
558 905 589 948 u.
604 885 685 949 Idem
700 886 738 949 de
751 887 851 950 radice
860 891 910 947 sto
923 888 1052 948 constat.

239 986 360 1048 Etenim
376 986 409 1046 in
423 985 530 1064 latina,
551 989 755 1046 restuto-rure
772 982 874 1064 (idest
891 984 1030 1045 studitam
1054 1000 1162 1047 rursus
1182 984 1308 1064 lacere);

197 1085 234 1145 in
246 1099 364 1163 graeca,
377 1089 516 1161 ςτεϋ-μαι,
530 1083 672 1161 caules,
688 1085 846 1165 σταυ·ρ6ω;
860 1081 892 1143 in
906 1081 1049 1144 lituanica
1061 1086 1181 1145 stov-eti
1192 1081 1308 1162 (stare),

198 1183 333 1258 sti-meo>
354 1181 393 1260 (id
416 1183 461 1242 est
483 1181 649 1255 *stou-men
665 1202 679 1235 α
698 1182 815 1242 statura
830 1180 859 1262 u)
875 1201 882 1259 ;
899 1181 931 1241 in
954 1180 1065 1242 slavica
1076 1184 1199 1242 ctae-iti
1217 1203 1232 1236 ι
1247 1184 1309 1243 sta·

200 1284 286 1341 tuere
298 1302 312 1334 »
325 1300 333 1355 ;
346 1279 379 1340 in
390 1278 537 1340 sanserita
545 1275 673 1354 citri-oo
686 1277 857 1358 (columna),
870 1279 1023 1340 atton-iro
1034 1274 1082 1357 (ε
1093 1278 1145 1340 lai.
1158 1284 1310 1358 stacam

198 1377 282 1439 unde
294 1377 498 1454 comparativo
519 1373 719 1456 ethan-iuuet,
738 1376 850 1455 superi.
874 1365 1086 1455 attae-utrici
1109 1399 1123 1432 o
1146 1376 1261 1440 solidus
1280 1399 1308 1456 e,

197 1472 308 1536 sttuiru
325 1474 399 1554 (id.);
415 1475 447 1536 in
461 1473 581 1537 zendica
592 1479 710 1557 otoo-io
726 1474 893 1538 «solidus»
913 1473 999 1554 [lusti
1013 1474 1177 1538 Handbuch
1192 1491 1218 1538 s.
1237 1473 1308 1558 citii)

198 1587 263 1633 una
283 1571 457 1650 conspirant
477 1569 515 1632 ad
538 1571 753 1633 declarandum
774 1570 871 1634 luisse
892 1572 924 1633 in
944 1571 1183 1653 indo-europaea
1204 1571 1311 1651 lingua

197 1669 333 1731 radicem
346 1673 408 1747 stu,
423 1669 558 1750 ejusdem
571 1686 682 1734 sensus
695 1671 784 1751 cujus
795 1669 855 1732 ott.

239 1863 348 1927 Nostra
370 1863 545 1945 disquisitio
568 1864 613 1926 sic
635 1863 735 1943 colligi
759 1865 882 1943 potest:
905 1861 1031 1925 verbnm
1054 1861 1128 1924 dare
1150 1868 1254 1927 manat
1272 1880 1309 1925 ex

198 1962 301 2025 radica
318 1961 529 2041 indo-europea
542 1961 597 2039 dci,
612 1960 735 2042 quaein
750 1960 850 2023 italica
862 1961 968 2039 lingua
982 1961 1090 2039 triplici
1104 1961 1193 2024 modo
1206 1964 1310 2042 conju-

199 2064 307 2140 gatur:
325 2059 478 2121 l⁰directe
493 2075 500 2119 :
516 2060 649 2136 dit-mus,
664 2059 760 2120 vocali
779 2077 799 2119 a
821 2062 975 2121 attenuata
996 2059 1028 2119 in
1047 2076 1062 2119 e
1086 2058 1116 2119 in
1135 2059 1310 2138 compositis

202 2157 349 2235 (ud-dero,
364 2158 552 2234 *od-demus,
568 2157 734 2236 oct-dimus]
746 2177 759 2237 ;
775 2163 807 2218 2⁰
826 2175 895 2219 cum
917 2161 1079 2237 augmento
1092 2174 1130 2218 oe
1144 2177 1155 2218 :
1170 2159 1309 2239 daouot,·

198 2261 230 2318 3⁰
249 2256 485 2334 reduplicative:
504 2256 559 2318 did
576 2255 599 2336 [ᾗ
613 2257 672 2335 26).
690 2254 767 2318 llaec
780 2256 865 2318 radix
886 2256 918 2317 in
941 2255 1122 2336 quibusdam
1135 2255 1308 2319 nominibus

196 2351 283 2414 litdd
295 2348 424 2434 (donum)
441 2354 522 2435 quod
532 2360 735 2434 repraesentat
749 2355 1022 2434 indo-europaeum
1036 2355 1088 2432 dt,
1104 2370 1148 2434 gr.
1166 2354 1216 2417 io.

237 2449 348 2514 Aderat
359 2454 444 2533 juxta
458 2452 590 2515 radicem
605 2452 647 2514 do
657 2455 721 2532 jam
736 2453 769 2514 in
784 2453 1019 2531 indo-europaea
1030 2453 1138 2532 lingua
1152 2453 1236 2514 radix
1250 2452 1305 2532 du,

198 2567 276 2631 quae
289 2553 470 2631 conjugatur
493 2550 604 2629 triplici
617 2551 705 2612 modo
722 2567 728 2610 :
747 2554 778 2611 l⁰
794 2551 906 2613 directe
922 2567 929 2610 :
946 2551 1043 2611 ‹lu-tm
1051 2569 1064 2629 ;
1079 2556 1110 2612 2ο
1133 2550 1308 2614 adientium

197 2647 338 2710 ordinem
356 2664 363 2708 :
383 2648 491 2709 ctu-ere
500 2667 513 2726 ;
528 2655 557 2710 3·
571 2649 610 2711 ad
623 2653 766 2728 quartum
782 2651 1006 2728 :por-toc-itu,
1023 2647 1157 2726 ⁸-dua‘re,
1174 2648 1266 2710 -dire
1346 2675 1348 2679 ·

219 2756 221 2760 ·
237 2743 274 2806 ln
288 2746 464 2824 compositis
477 2745 589 2808 coaluit
600 2747 633 2808 in
648 2764 745 2809 unum
759 2763 830 2809 cum
845 2747 886 2807 da
903 2746 987 2826 (olim
997 2745 1080 2825 dia),
1095 2747 1217 2826 quaein
1232 2748 1308 2808 sim-

196 2843 269 2924 plici
285 2842 374 2905 verbo
388 2846 548 2924 conjugata
569 2849 656 2907 sonat
672 2861 679 2904 ε
695 2849 727 2907 l⁰
740 2841 777 2924 lu
799 2844 925 2924 lfa-o-iol
939 2863 952 2924 ;
972 2851 1004 2907 2⁰
1019 2845 1050 2922 se
1074 2844 1165 2921 lumb.
1185 2840 1306 2924 feo-to,

198 2938 301 3018 ‘fe-to,
315 2939 368 3022 fio)
380 2960 393 3017 ,·
407 2940 440 3002 in
454 2941 626 3022 compositis
640 2945 727 3005 sonat
741 2943 796 3003 -de
809 2941 890 3022 quod
904 2940 1016 3005 coaluit
1039 2958 1108 3004 cum
1123 2941 1177 3003 -de
1198 2957 1235 3005 ex
1249 2942 1308 3004 -do

196 3042 363 3101 attenuato.
724 3093 727 3098 Α

237 3135 347 3199 Aderat
371 3140 460 3218 juxta
487 3138 563 3216 dieo,
592 3138 677 3201 radix
706 3139 942 3218 indo-europaea
964 3137 1028 3199 dtu
1051 3155 1129 3220 qnae
1157 3139 1188 3201 in
1216 3137 1308 3201 latina

197 3235 306 3314 lingua
319 3251 388 3298 cum
403 3234 444 3296 clu
458 3236 578 3298 coaluit.

239 3330 319 3404 Quae
334 3334 365 3395 in
379 3334 436 3395 hac
451 3332 559 3395 tabella
573 3333 779 3414 exprimentur
796 3350 803 3394 :

400 3431 439 3492 da
453 3431 573 3492 clu-mus
759 3432 810 3511 lla,
831 3433 868 3512 le)
884 3430 987 3513 (acm
1002 3429 1098 3512 scitu

401 3530 455 3592 -dc
468 3529 597 3592 oct-dere
757 3531 812 3593 -de
824 3531 960 3593 cre-dere

399 3627 472 3689 da·n
485 3627 639 3689 da-o-unt

400 3725 468 3787 di·d
482 3725 585 3788 dire-u

399 3816 438 3883 di)
451 3823 598 3885 domu-m

400 3919 441 3981 du
456 3920 569 3982 dre-tm.
759 3920 816 3981 -du
830 3920 1014 3997 cre-duum,
1030 3920 1179 3982 coa-dire.

1170 4229 1187 4281 3
