3006 5064
669 457 829 515 ..2¹1-

235 587 319 648 Duae
330 588 404 648 suut
418 600 467 647 res
480 584 774 647 hieoonsiderandae
790 600 797 644 :
814 581 900 645 radix
912 587 943 644 et
955 582 1133 646 desinentia.

235 683 341 756 Quoad
359 683 558 747 desinentiam
579 683 660 745 nihil
682 682 799 746 incerti.
824 680 862 744 ln
876 681 1032 759 {adduam
1050 682 1204 762 ereduorn,
1220 682 1308 746 suffl-

194 799 270 847 xum
283 782 363 844 idem
377 781 515 861 estquod
529 781 562 844 in
573 781 682 860 tapam,
695 786 840 857 matram,
854 780 885 843 id
900 784 945 843 est
959 780 1140 861 suhjonetivi
1153 781 1186 842 in
1200 780 1306 860 tertia13

194 880 343 958 adduam,
367 879 508 941 aeduam
527 879 669 941 oriuntur
681 894 718 941 er
737 879 834 942 verbis
850 879 1005 955 adducre,
1021 877 1187 955 aeduae,
1211 879 1242 940 id
1262 883 1309 942 est

194 995 230 1042 ax
244 978 346 1041 radiae
360 977 413 1056 do,
430 977 551 1040 tertiam
566 979 687 1057 conjug.
705 981 818 1040 secuta.

201 1093 202 1097 ¹
234 1074 271 1139 Iu
286 1076 426 1154 adduim,
451 1074 572 1151 addetis,
597 1075 744 1138 suttirum
767 1077 814 1137 est
834 1077 903 1152 i·m,
923 1077 974 1152 i-s,
997 1077 1051 1152 1-1,
1071 1073 1150 1136 idem
1171 1073 1252 1154 quod
1274 1076 1308 1137 in

194 1177 296 1253 ε-ιέιο,
320 1173 454 1252 velim,
478 1169 616 1252 suat-m,
646 1172 795 1252 aliisque3
826 1174 917 1253 euius
939 1172 1023 1252 origo
1042 1172 1133 1253 plane
1157 1177 1230 1235 nota
1250 1177 1307 1250 est,

195 1276 291 1354 quum
305 1275 394 1334 autea
408 1272 544 1334 sonuerit
554 1266 625 1349 -ta,
642 1274 677 1333 ut
686 1273 812 1351 apparet
822 1286 858 1333 ex
871 1273 983 1350 stam,
999 1274 1099 1349 ste-a,
1112 1275 1210 1351 etet,
1227 1271 1309 1352 quod

195 1373 398 1451 repraesentat
419 1369 585 1449 optativum
610 1367 751 1450 ὲ(σ1·ίη·ν,
775 1367 921 1448 έ(ο)-ίη-ς,
947 1368 1071 1448 tid-tu:
1097 1369 1168 1432 hino
1191 1371 1309 1432 dibi-m

196 1469 275 1532 nihil
296 1468 379 1532 aliud
400 1471 456 1547 ost,
481 1467 580 1546 quoad
599 1464 743 1547 (ormam,
766 1484 861 1547 quam
882 1483 1021 1548 grassum
1041 1466 1179 1545 δοίη-14.
1205 1466 1309 1540 Quoad

196 1567 340 1643 radicem,
365 1582 440 1628 num
463 1565 505 1628 do
529 1566 561 1626 in
584 1564 701 1627 dot-m
724 1565 803 1628 idem
834 1566 875 1629 sit
896 1582 932 1628 ae
956 1566 1003 1628 δο-
1026 1566 1057 1627 in
1081 1567 1190 1643 iata-v
1211 1567 1310 1647 magis

196 1665 363 1728 incertum.

237 1760 370 1840 Curtius,
393 1776 456 1823 non
481 1761 548 1822 sine
569 1758 765 1837 dubitatione,
783 1758 912 1840 'subjicit
932 1759 975 1820 du
994 1775 1029 1821 er
1057 1761 1097 1821 do
1119 1763 1309 1824 attenuatum

196 1876 274 1939 esse,
291 1864 327 1922 ut
339 1860 455 1920 dra-tro
469 1875 506 1920 ex
520 1858 641 1919 'doira
655 1857 780 1920 oriatur.
798 1857 872 1920 Fiek
894 1857 1024 1919 radicem
1041 1857 1084 1919 du
1097 1860 1234 1938 agnoseit
1245 1862 1309 1940 jam

197 1959 231 2020 in
240 1956 474 2035 iudo-europaee
488 1955 593 2034 lingua
606 1971 625 2015 a
639 1954 738 2016 radice
751 1954 794 2016 do
808 1957 986 2033 separatam.

238 2053 253 2134 ᾗ
275 2061 323 2116 io.
346 2052 424 2115 Ante
437 2053 542 2115 omnia
556 2056 728 2115 statuamus
741 2067 807 2114 esse
820 2053 854 2113 in
869 2052 963 2112 latina
976 2050 1080 2131 lingua
1095 2052 1226 2115 radieem
1244 2055 1288 2116 du
1296 2076 1309 2134 ;

199 2169 277 2232 quae
304 2168 381 2215 num
406 2152 502 2213 latina
528 2168 569 2212 an
587 2150 780 2230 prae-totino
808 2150 848 2212 sit
871 2150 1028 2230 postmodo
1051 2150 1229 2213 videbimus.
1255 2152 1335 2215 Est

198 2252 323 2330 inquam
347 2251 448 2312 lutino
470 2248 556 2311 radix
578 2248 621 2309 du
638 2265 650 2308 .·
674 2249 887 2328 nequeenim,
912 2252 946 2311 ut
966 2249 1147 2312 ooneedatur
1166 2248 1252 2310 duim
1273 2266 1309 2311 es

198 2349 295 2410 'ddtm
317 2349 403 2427 oriri,
435 2347 555 2426 possint
579 2345 683 2411 eodem
707 2347 797 2409 modo
829 2346 981 2409 enucleari
1020 2348 1137 2425 dume,
1175 2347 1306 2428 duitor,

198 2446 328 2525 duntur,
357 2461 435 2526 quae
448 2460 564 2507 meram
578 2447 608 2506 et
625 2459 729 2506 veram
748 2444 881 2507 radicem
901 2445 944 2504 du
966 2445 1096 2524 produnt
1116 2462 1124 2507 ε
1148 2461 1241 2525 quam
1255 2459 1310 2524 per

198 2559 331 2607 errorem
353 2544 512 2622 irrepsisse
534 2559 571 2605 ex
593 2542 696 2604 duim
717 2558 807 2605 nemo
829 2544 1025 2622 contenderit,
1050 2561 1147 2624 quum
1169 2544 1226 2606 hae
1248 2544 1310 2607 sint

197 2641 373 2705 veterrimae
387 2640 501 2704 formae
513 2644 542 2702 at
556 2639 691 2703 umhriea
707 2640 850 2704 dialeetus
864 2647 1081 2704 consentaneas
1096 2642 1209 2705 tonnas
1222 2643 1309 2704 exhi-

198 2739 287 2818 heat3
311 2739 517 2819 nequeenim
550 2738 768 2819 reduplicatam
788 2741 879 2803 modo
900 2739 1030 2802 radicem
1053 2738 1106 2816 did
1130 2741 1231 2818 affert,
1256 2741 1307 2803 sed

198 2982 287 3026 voveo
300 2966 376 3035 (Liv.
393 2967 432 3040 X,
448 2967 492 3039 19,
509 2967 563 3039 it).
579 3000 613 3010 -
628 2968 661 3026 Si
676 2969 725 3042 qui
739 2968 887 3025 hominem
900 2967 1022 3025 liberum
1037 2967 1101 3024 dolo
1116 2968 1210 3025 scians
1223 2969 1310 3025 morti

198 3058 270 3129 dett,
285 3056 424 3130 paricidas
436 3063 497 3114 asto
511 3057 613 3126 (Fest,
628 3075 656 3131 p.
671 3057 744 3122 iti).
768 3088 804 3101 -
819 3057 850 3114 Si
865 3063 945 3130 pater
959 3057 1051 3113 filium
1065 3063 1108 3114 ter
1120 3057 1308 3130 vmuotduuit,

198 3146 276 3202 filius
299 3163 316 3202 a
338 3152 417 3218 patre
435 3146 507 3203 liber
525 3153 585 3204 esto
608 3147 681 3214 (XII
694 3147 752 3203 tab.
767 3146 821 3202 IV.
836 3147 871 3216 2;
888 3145 1005 3217 Sohoell,
1020 3163 1049 3218 p.
1066 3146 1127 3217 125,
1143 3146 1176 3202 83
1193 3152 1258 3219 sq.).
1274 3177 1310 3188 -

199 3234 231 3291 Si
245 3234 310 3308 quis
331 3235 517 3308 magistratus
538 3235 664 3309 pondera
677 3235 796 3293 ,minora
816 3235 981 3308 majoraque
1004 3234 1074 3292 faxit
1091 3235 1211 3308 jussitve
1236 3234 1308 3305 fieri,

198 3324 332 3382 dolumve
345 3325 455 3396 adduit,
470 3341 526 3398 quo
541 3341 575 3383 ea
589 3325 660 3383 fiant
673 3326 774 3397 (Fest,
792 3343 819 3398 p.
835 3325 907 3395 246).
916 3324 989 3380 -Si
1003 3325 1053 3398 qui
1067 3324 1192 3397 palmam
1207 3323 1309 3381 ambie-

198 3414 258 3471 sint
280 3412 499 3471 histrionibus...
520 3414 580 3472 sive
593 3417 664 3472 adeo
677 3414 784 3472 aediles
797 3413 948 3487 perfidiose
967 3415 1034 3488 quoi
1053 3415 1143 3484 duint,
1172 3413 1310 3487 sirempse

199 3503 292 3575 legem
311 3502 396 3558 iussit
415 3519 478 3562 essa
497 3503 624 3576 Iuppiter
643 3504 750 3572 (Plaut.
773 3503 884 3576 Amph.
906 3503 995 3575 Prol.,
1017 3503 1072 3567 69).
1095 3534 1130 3544 -
1153 3503 1310 3577 Nunquam

199 3590 300 3664 edepol
320 3591 393 3648 mihi
413 3592 566 3666 quisquam
569 3634 623 3649 .....
649 3593 765 3664 creduto,
790 3591 821 3649 ni
845 3608 898 3664 ego
923 3608 971 3650 ero
993 3591 1096 3649 maiori
1118 3597 1214 3648 vostra
1236 3591 1312 3650 facta

199 3681 388 3738 denarravero
402 3680 457 3754 (Pl.
474 3681 570 3752 Troe,
585 3681 612 3738 2.
628 3680 655 3739 1.
673 3682 727 3746 51).
741 3712 774 3724 -
788 3680 867 3737 Dum
876 3696 985 3754 pereas,
997 3679 1072 3736 nihil
1081 3680 1220 3754 interduo,
1231 3681 1311 3739 aiant

198 3770 297 3828 vivere
312 3770 368 3838 (Pl.
392 3769 485 3843 Cape,
507 3770 569 3842 694,
585 3769 628 3826 ed.
646 3770 766 3842 hisch).
783 3801 817 3811 -
838 3769 894 3838 Qui
906 3785 1040 3827 eoronam
1053 3771 1128 3844 parit
1142 3771 1203 3844 ipse
1218 3788 1307 3845 pecu-

198 3861 284 3918 niave
304 3861 365 3933 ejus
388 3860 527 3932 [honoris]
551 3859 723 3933 muniisque
744 3875 820 3932 ergo,
844 3861 892 3926 [ei]
916 3859 1066 3915 ardentior
1080 3860 1106 3918 ei
1128 3860 1309 3933 [parentique

199 3951 270 4024 ejus,
286 3965 317 4006 se
331 3949 429 4006 fraude
443 3955 516 4015 esto]
535 3949 612 4020 (Ταῦ.
624 3948 663 4006 X·.
677 3949 703 4020 7,
715 3948 852 4022 Sehoeltp
864 3948 910 4005 De
923 3947 969 4006 hie
983 3949 1103 4024 aliisque
1119 3948 1268 4022 exemplis,
1278 3966 1306 4005 v.
1386 3992 1402 4023 ,

200 4039 333 4110 Gorsseu,
348 4038 387 4108 ΙΙ,
403 4038 466 4109 402,
483 4054 526 4110 sq.

237 4131 261 4185 i.
283 4128 355 4185 Vult
368 4127 489 4185 Gorssen
504 4127 532 4200 (l.
550 4131 585 4200 o.)
599 4128 671 4198 dote,
686 4127 757 4199 doit,
773 4133 826 4185 ete.
843 4143 907 4186 esse
921 4144 1035 4202 quoque
1049 4144 1129 4186 mera
1143 4126 1306 4185 indicativa.

201 4218 245 4273 Ita
259 4216 362 4274 fuerit:
378 4214 451 4272 nihil
466 4216 501 4274 ad
515 4233 576 4274 rem
590 4215 625 4274 de
639 4233 696 4290 qua
710 4215 757 4273 hic
772 4216 892 4290 agimus.
