2924 5116
169 872 208 937 In
240 873 420 959 compositis
452 871 544 938 vorbi
576 874 665 940 dore
698 872 760 939 duo
792 871 918 940 diversa
945 875 1043 941 verba
1070 876 1105 941 in
1132 897 1232 943 unum

125 977 290 1046 coaluisse.

165 1185 179 1257 5
207 1188 236 1244 6.
259 1180 391 1245 Verbum
414 1179 485 1243 dore
510 1183 543 1244 in
567 1182 742 1262 compositis
764 1183 915 1263 duplicem
940 1200 1061 1248 sensum
1084 1186 1199 1248 obtinet
1223 1202 1230 1246 :

125 1280 214 1343 modo
240 1284 343 1344 actum
371 1280 475 1342 dantis
497 1279 630 1359 indicet3
660 1282 751 1344 modo
777 1287 928 1362 ponentis.
960 1282 1040 1347 Haec
1071 1283 1236 1363 composita

125 1394 345 1442 recenseamus.

83 1517 86 1520 >
165 1479 230 1551 §⁷-
251 1475 367 1538 Abdere
394 1493 552 1558 nunquam
577 1481 622 1540 est
650 1478 853 1557 ἀπο-διδόντος,
881 1495 1002 1558 semper
1029 1480 1233 1555 ἀπο-τιθέντος,

127 1576 299 1653 «ponentis
323 1577 426 1654 procui
448 1599 462 1632 s
481 1591 488 1636 ε
508 1598 522 1631 c
539 1575 592 1636 Ex
606 1582 765 1656 conspectu
779 1579 824 1639 eri
848 1578 874 1639 si
896 1577 942 1639 sni
965 1596 996 1638 se
1019 1577 1233 1639 obdiderunt»

128 1672 274 1751 (Plautus
296 1673 478 1751 Pseudolus,
497 1679 526 1735 4.
550 1679 578 1735 7.
596 1680 624 1736 4.
648 1674 695 1736 ed.
717 1672 911 1755 Fleckeisen).
927 1709 965 1720 —
989 1674 1236 1755 «pedestresque

125 1771 227 1849 copias
240 1770 365 1849 paulum
374 1771 411 1832 ob
422 1790 455 1832 eo
463 1772 526 1831 loco
536 1771 657 1832 obditos
666 1772 698 1832 in
708 1773 782 1835 locis
789 1773 995 1851 superioribus
1011 1773 1200 1836 constituunt
1218 1795 1233 1829 a

130 1865 256 1946 (Caesar,
271 1869 317 1930 De
328 1869 408 1930 Bell.
424 1888 471 1948 9.,
487 1875 516 1931 7.
534 1874 572 1931 79
588 1870 636 1931 cd.
652 1868 842 1949 Nipperdey).

165 1965 253 2043 Hine,
283 1982 378 2046 quum
402 1966 491 2028 lateat
520 1968 601 2046 qood
623 1968 726 2045 procul
754 1968 886 2045 ponitur,
910 1966 1035 2029 verbum
1058 1968 1235 2030 celationem

127 2064 286 2142 indicauit,
314 2065 448 2129 sedeam
470 2081 548 2144 quae
569 2065 623 2125 fiat
643 2064 844 2127 retrahendo:
864 2086 878 2119 α
904 2081 1040 2144 pugnare
1062 2066 1234 2145 cupiebant,

126 2163 178 2224 sod
201 2167 280 2223 retro
304 2162 475 2224 reuocando
496 2167 526 2223 et
548 2161 689 2224 addendo
711 2162 863 2240 cupiditas
887 2166 952 2224 erat
968 2185 982 2218 u
1000 2160 1047 2242 (T.
1064 2161 1181 2240 Livius,
1202 2170 1232 2225 2.

127 2266 165 2324 45
181 2261 228 2322 ed.
244 2257 485 2340 Weissenborn).
513 2259 692 2323 tonsoratur
709 2260 887 2322 additions:
904 2280 920 2318 (ε
936 2258 1019 2323 filins
1081 2260 1234 2322 additions
1364 2340 1367 2346 Ι

127 2364 248 2439 apotre
263 2382 278 2415 1>
297 2356 368 2439 (Pl,
383 2359 539 2433 Poenulus,
556 2357 633 2421 Prol.
652 2359 717 2438 65).

167 2460 180 2532 ἓ
201 2465 228 2519 8.
253 2457 390 2518 Ad-dere
413 2461 458 2519 est
480 2458 673 2534 ἐπι-τιθέντος,
698 2474 761 2519 non
785 2456 969 2532 ἐπι-διδόντος
992 2479 1007 2512 e
1030 2457 1171 2536 ponentis
1184 2458 1234 2536 ad,

126 2556 270 2636 ponentis
281 2558 369 2636 juxta
386 2579 400 2611 a
419 2573 426 2615 :
445 2577 459 2610 c
479 2554 615 2634 (mortuo)
633 2573 709 2618 neve
723 2572 831 2618 aurum
845 2556 954 2617 addito
967 2579 980 2612 a
997 2555 1078 2635 [Tab.
1093 2556 1166 2635 Leq.
1179 2553 1238 2618 XII

127 2671 174 2732 ap.
192 2652 300 2733 Cicero,
318 2654 355 2714 de
368 2652 508 2731 Lepidos,
524 2652 563 2731 ΙΙ,
579 2661 629 2730 24,
647 2654 694 2716 ed.
708 2652 827 2735 Orelli).
840 2688 879 2699 -
892 2676 906 2709 u
919 2651 1068 2733 conqueri
1082 2643 1237 2715 somonam

126 2752 297 2828 advorsam,
329 2767 391 2812 non
422 2752 582 2812 lamentari
615 2752 708 2813 decet.
736 2750 771 2813 ld
795 2751 855 2812 viri
884 2754 930 2813 est
956 2751 1087 2813 officium
1112 2767 1120 2811 :
1149 2751 1238 2814 fletus

126 2848 267 2912 muliebri
283 2849 406 2926 ingenio
425 2848 545 2910 additu’
559 2854 588 2910 st
607 2872 633 2909 n.
653 2849 894 2926 (Pacuvios,2ep.
912 2847 986 2927 Cic,
1004 2848 1178 2924 Tusculum,
1195 2847 1236 2926 ll,

99 3023 105 3035 Ι
126 2950 158 3008 24
179 2947 225 3008 ed.
242 2944 361 3026 Orelli).
377 2968 444 3000 -4
515 2947 589 3024 perii
607 2946 711 3024 miser,
726 2946 800 3026 quia
824 2946 990 3024 pudicitiae
1012 2946 1106 3007 huius
1127 2945 1237 3008 uitium

126 3061 175 3106 me
197 3045 271 3107 hinc
284 3043 436 3106 absentest
456 3045 599 3106 additum
616 3068 630 3101 »
650 3042 703 3122 [ΡΙ.
718 3041 841 3121 Amph„
857 3050 886 3105 2.
903 3050 932 3105 2.
950 3047 1021 3120 478,
1038 3042 1084 3104 ed.
1101 3041 1234 3121 Ussing).

126 3176 164 3187 —
185 3141 385 3220 «Antioipate
412 3145 501 3220 atque
524 3141 631 3203 addite
649 3141 776 3202 calcar»
811 3138 916 3215 (Varro
940 3156 988 3216 ap.
1019 3137 1162 3217 Nonium,
1187 3140 1234 3202 ed.

125 3240 286 3311 Quioherat
298 3239 357 3317 70).
371 3272 407 3282 -
417 3261 431 3293 c
443 3237 520 3311 Quoi
539 3255 588 3301 me
603 3237 756 3300 custodem
774 3253 845 3300 erus
864 3236 990 3299 addidit
1005 3236 1093 3298 miles
1115 3253 1233 3299 meus»

129 3338 189 3416 [Pl.
217 3336 306 3399 Miles
332 3338 492 3415 ptoriosus,
516 3342 545 3398 2.
569 3343 598 3398 6.
625 3341 662 3397 69
681 3336 727 3398 ed.
749 3334 873 3415 Fleok.)
893 3369 932 3380 -
954 3358 968 3390 a
989 3334 1048 3396 Eas
1073 3333 1235 3416 (epistolas)

126 3436 168 3497 in‘
197 3435 325 3496 eundern
358 3435 538 3497 fasciculum
565 3434 656 3497 velim
690 3434 828 3497 addas»
867 3431 978 3512 (Cicero
1009 3431 1051 3494 ad
1076 3430 1152 3508 Act,
1185 3436 1235 3493 42.

128 3539 166 3596 53
189 3532 235 3594 cd.
252 3531 366 3609 Orelli).
383 3563 422 3576 -
448 3554 463 3587 <r
485 3531 693 3612 Pergamaque
714 3531 895 3610 Iliacamque
914 3531 999 3611 Jugis
1022 3530 1099 3591 banc
1113 3528 1238 3590 addidit

126 3647 257 3693 arcem»
286 3629 383 3708 (Virp.
410 3629 472 3691 En.
496 3636 525 3691 3.
549 3636 607 3692 336
631 3629 677 3691 ed.
699 3626 842 3709 Benoist).
865 3649 935 3683 -o
962 3625 1048 3687 Adde
1069 3643 1181 3689 manus
1203 3627 1236 3688 in

125 3729 226 3792 vincla
253 3744 350 3805 meas,
447 3743 583 3790 meruere
610 3730 731 3788 catenas
758 3725 913 3804 (Ovidius,
944 3723 1080 3803 Amores,
1109 3727 1138 3785 4.
1163 3730 1192 3786 7.
1218 3728 1231 3784 4

127 3828 174 3889 ed.
190 3826 325 3904 Merkel).

164 3924 242 3986 Hinc
268 3924 302 3985 iit
336 3923 507 4002 adjicienda·
537 3923 679 3999 verbum,
706 3922 778 4002 quia
806 3922 931 4000 adjicit,
962 3921 1015 4000 qui
1051 3919 1194 3997 ‹ed-ponit
1223 3938 1234 3979 .·

127 4044 141 4076 c
229 4025 258 4082 et
282 4022 466 4086 consuetudo
490 4021 722 4100 exercitatioque
745 4018 901 4097 capienda,
928 4023 962 4080 ut
983 4018 1055 4080 boni
1070 4016 1234 4079 ratiocina-

124 4124 203 4182 tores
216 4118 381 4181 officiorum
394 4135 458 4181 csse
471 4119 624 4198 possimus
641 4121 671 4180 et
683 4115 836 4179 ord-dendo
855 4115 1103 4193 deducendoque
1117 4113 1230 4188 videre,

124 4234 202 4298 quae
216 4218 323 4297 reliqui
337 4233 458 4279 summa
469 4218 552 4279 fiat»
573 4216 642 4294 (Cic.
661 4213 721 4298 ⁰ff⁴
739 4219 767 4277 4.
791 4219 838 4278 48.
856 4220 894 4277 59
907 4215 954 4276 ed.
972 4212 1088 4291 Orelli).
1105 4211 1231 4273 Rarum·
