3006 5064
636 415 796 473 ..34-

196 543 376 624 Gongruunt
392 544 486 624 igitur
499 543 630 607 latinum
643 544 732 623 dre-o,
746 543 916 607 ombrieum
931 543 1146 624 pur-dev-itu3
1162 544 1265 623 cypri·

155 659 227 706 eum
250 640 433 723 ded-merjam
461 642 643 705 lituanieum
667 642 802 705 douaud
826 641 859 704 in
879 657 1056 722 europaeam
1073 642 1205 705 radicem
1222 642 1265 704 du

157 741 260 804 «dare
281 762 318 819 »ς
342 743 518 821 congruunt
541 740 672 804 latinum
697 740 894 819 ere-du-em3
917 740 1085 803 laeonieum
1105 742 1260 819 θάό-αιιοςς

155 856 299 920 graecum
321 841 457 917 θό-ωκος,
485 841 633 918 θα-άσσω;
664 838 844 902 lituauieum
870 837 999 901 -dev-eu
1026 837 1061 900 in
1089 854 1265 918 europaeam

155 924 287 1000 radicem
301 937 366 999 dieu
382 959 396 992 ι
413 953 524 1016 ponere
540 960 567 996 ι).

194 1035 209 1114 d
231 1041 279 1098 ιι.
303 1033 384 1107 Quae
399 1034 515 1097 radices
529 1035 572 1095 du
586 1037 616 1096 et
629 1034 694 1096 dte
708 1051 768 1097 non
782 1050 947 1114 europaeae
961 1034 1060 1113 modo,
1077 1034 1128 1097 sed
1142 1037 1173 1097 et
1184 1034 1265 1098 asia·

155 1133 242 1213 tiene,
260 1133 302 1195 ita
315 1138 351 1196 ut
365 1134 429 1196 sint
442 1134 707 1213 indo-europame.

195 1228 299 1302 Quoad
313 1230 445 1293 radicem
458 1231 510 1310 du,
528 1245 590 1292 non
605 1229 667 1292 bue
678 1247 747 1293 eum
753 1228 825 1293 liiek
834 1230 976 1292 traxerim
989 1229 1129 1292 vedieum
1143 1230 1261 1309 durus,

155 1327 235 1408 quod
249 1323 368 1407 deaua
382 1328 504 1408 quidem
527 1327 614 1391 vertit
639 1329 731 1390 ddter
746 1351 761 1385 e
778 1329 864 1391 datur
880 1352 908 1408 e,
924 1328 1000 1391 falso
1015 1344 1097 1406 vem,
1121 1330 1157 1390 ut
1176 1328 1264 1391 lueu·

156 1425 321 1489 lentissime
345 1426 562 1489 demonstravit
574 1424 611 1487 A.
628 1425 795 1507 Bergaigne
812 1425 919 1506 (Rerue
942 1426 1070 1506 critique
1083 1424 1137 1505 IX,
1160 1433 1191 1506 2,
1207 1432 1265 1490 373

155 1541 187 1586 u.
211 1523 252 1603 3),
286 1525 348 1587 hue
373 1541 459 1603 vero,
481 1540 558 1586 eum
592 1523 778 1588 Grassmann
811 1525 959 1604 (vedieum
986 1525 1139 1604 lexieum),
1168 1524 1264 1587 ddum

156 1617 306 1682 «denum
331 1643 360 1699 e,
391 1621 472 1683 unde
497 1620 678 1701 durae-yuti
702 1643 717 1677 e
743 1622 837 1684 donat
860 1640 897 1699 »3
928 1621 1013 1684 radix
1034 1621 1101 1700 ipsa
1122 1618 1166 1682 det
1189 1621 1264 1683 sub·

154 1718 283 1781 stantive
309 1718 498 1781 adhibetur:
525 1723 609 1781 sueti
635 1720 792 1782 danaesdu
820 1738 873 1781 eae
900 1719 997 1782 dures
1026 1718 1115 1800 (Rite,
1140 1718 1177 1797 V,
1212 1726 1260 1781 37.

154 1813 204 1895 ti)
230 1837 245 1870 e
272 1821 347 1879 sunt
369 1818 450 1897 apud
474 1822 593 1898 gentem
615 1816 714 1881 Kanvi
745 1822 846 1882 restra
874 1833 1001 1880 munera
1025 1840 1061 1897 >³3
1086 1818 1160 1880 hine
1187 1815 1263 1896 add,

155 1911 288 1997 ἀ-δωρος.

193 2011 386 2092 Exspectatae
400 2013 512 2076 radicis
527 2014 591 2075 dtu
602 2013 634 2075 in
648 2013 798 2076 sanserita
811 2013 934 2075 nullum
951 2011 1112 2090 vestigium
1126 2016 1261 2091 apparet.

154 2107 221 2172 Hue
236 2115 337 2172 tamen
353 2111 533 2173 trahendum
549 2112 590 2174 sit
603 2112 704 2174 forsan
719 2111 896 2174 vocabulum
908 2110 1237 2173 nondumenueleatum
1255 2127 1261 2181 ;

153 2207 306 2287 memte,
336 2209 427 2271 latine
453 2210 549 2272 uidua
577 2210 622 2289 tex
646 2209 795 2288 *etdeea)‚
827 2208 939 2272 slaviae
967 2208 1095 2288 videre,
1130 2208 1262 2287 gotieum

153 2304 277 2381 viduari,
291 2306 333 2368 ita
347 2309 382 2369 ιιι
395 2306 527 2368 utddaud
543 2309 584 2370 sit
598 2308 787 2382 ’ἀπό-θετο-ς,
807 2329 820 2363 α
836 2324 870 2370 ea
885 2324 963 2388 quae
977 2310 1114 2386 separata
1129 2310 1176 2369 est
1192 2328 1220 2366 ι.

191 2404 320 2467 Zendiea
333 2409 492 2485 utramque
505 2405 738 2469 radieemhabet
751 2407 893 2468 inunum
907 2405 1072 2484 redactam,
1088 2406 1131 2466 du
1146 2425 1161 2460 e
1177 2403 1261 2481 dare,

152 2517 266 2581 ponere
294 2525 322 2563 ι.
354 2502 519 2584 Utriusque
546 2503 730 2568 infinitivum
757 2502 849 2565 ddvdt
863 2523 874 2565 .·
903 2501 1025 2583 mathye
1048 2500 1139 2564 daedi
1163 2503 1263 2564 abedo

152 2603 325 2682 aetuatafed
356 2601 470 2680 byated
500 2603 654 2664 manatio
689 2601 813 2684 (Yaeua,
830 2607 878 2664 28.
895 2602 945 2680 2);
965 2624 979 2657 e
997 2601 1074 2663 mihi
1095 2607 1137 2682 τῷ
1160 2601 1262 2663 διδόναι

152 2698 258 2761 mundi
280 2698 443 2778 eorporalis
464 2703 494 2762 et
517 2700 642 2780 (mundi)
659 2701 711 2781 qui
724 2698 851 2780 spiritds
868 2723 882 2758 e
902 2700 934 2761 id
947 2704 993 2763 est
1008 2721 1023 2755 e
1039 2702 1073 2762 ut
1086 2698 1163 2760 mihi
1175 2698 1263 2760 detur

152 2796 286 2859 muudus
300 2796 433 2876 eorporis
448 2800 477 2858 et
497 2799 630 2861 mundus
649 2797 776 2878 spiritus
794 2821 822 2860 i.
844 2796 921 2860 Ydm
935 2793 1092 2859 ddmdtem
1105 2796 1163 2856 ddo
1177 2795 1262 2856 tdwd

153 2895 280 2956 atdrd...
299 2896 362 2957 aidt
377 2895 535 2957 delebstem
548 2895 636 2958 daedi
659 2896 716 2975 (50.
736 2903 773 2972 93
798 2896 837 2958 ei.
861 2901 910 2957 te.
934 2895 1004 2974 tt);
1029 2895 1139 2974 equod
1159 2893 1263 2972 στιγμα

151 2993 239 3072 ponis
264 2997 316 3056 tuo
339 2994 410 3073 igne
412 3039 473 3055 .....
490 3001 531 3076 τῷ
557 2995 718 3078 ἐπι-τιθέναι
732 2997 834 3084 nutam
852 3013 889 3071 »3
910 2990 989 3072 duee*
1004 2993 1061 3071 (tr.
1077 2992 1103 3070 7)
1121 2992 1183 3053 hue
1193 2993 1263 3070 jure

151 3090 256 3153 referri
280 3108 343 3153 nou
363 3091 442 3153 mibi
464 3093 602 3170 videtur3
624 3092 774 3154 incertum
798 3087 917 3170 deduye‘
941 3091 998 3170 [ib.
1026 3088 1085 3168 ib),
1112 3091 1262 3169 inquere

152 3187 248 3267 possit
260 3205 326 3251 esse
340 3188 486 3251 suffixum
500 3189 595 3252 radidi
610 3188 691 3266 ded,
708 3189 788 3252 utin
802 3188 915 3268 vtduye
931 3185 1072 3266 uiuiduyd
1085 3204 1121 3249 ex
1136 3185 1201 3247 eid.
1218 3186 1261 3246 du

154 3308 169 3342 ι
189 3303 326 3367 ponere»
351 3287 470 3349 exhibet
485 3289 605 3350 tertiam
617 3287 767 3366 pluralem
786 3287 893 3350 aurisii
911 3287 943 3348 in
958 3284 1030 3348 ddm
1049 3285 1112 3365 (pre
1126 3286 1200 3362 deta,
1228 3288 1262 3346 ut

152 3385 290 3464 erbetum,
305 3386 458 3463 attererem,
469 3389 553 3466 ydm,
565 3383 738 3466 tdrtzafem,
754 3384 904 3447 lebedudm
912 3384 1105 3464 proestare,
1116 3384 1258 3457 dibraou,

151 3480 214 3562 yda
231 3481 361 3563 (trauan),
378 3479 544 3562 tdrtzaseu,
562 3483 729 3562 blesinsem:
744 3487 787 3545 eut
800 3481 843 3544 im
856 3482 942 3565 etepd
957 3482 1053 3544 ettdrd
1072 3478 1261 3543 mazdmetd

150 3580 224 3641 dum
249 3580 294 3662 (it.
312 3585 360 3643 ut.
378 3581 417 3660 i.)
436 3598 547 3644 «nune
570 3583 691 3664 quidem
712 3584 814 3645 omnia
836 3582 999 3644 manifeste
1020 3576 1262 3643 Omni-seientes

151 3677 288 3741 iecerunt
304 3702 332 3739 a.
395 3705 398 3709 ·
747 3676 752 3684 “
816 3702 818 3707 ·

191 3775 286 3858 GuJus
311 3777 416 3841 aeristi
438 3794 535 3859 quum
560 3777 681 3840 zendiea
704 3794 797 3840 unam
821 3792 978 3856 persenam
1004 3776 1121 3856 habeat,
1145 3777 1263 3839 iraniea

149 3871 220 3951 alia,
236 3873 419 3953 armeniaea,
445 3872 596 3954 specimen
610 3874 764 3955 integrum
779 3873 910 3936 exhibet.
928 3873 1058 3936 Verbum
1074 3873 1187 3937 seilicet
1200 3873 1262 3935 ιιι-ι

153 3970 258 4033 «dare
282 3995 296 4027 ι
322 3989 357 4033 ex
382 3971 484 4035 radice
507 3974 541 4033 ta
563 3987 641 4052 quae
665 3971 895 4052 iudo-europeae
913 3971 955 4034 da
975 3972 1137 4052 respondet
1156 3969 1270 4033 ambas*

151 4067 266 4131 redires
288 4068 330 4131 du
350 4073 380 4131 et
402 4069 446 4132 du
467 4060 502 4132 in
519 4069 732 4150 conjugatione
754 4068 854 4150 babet,
877 4069 976 4134 radiee
1000 4069 1044 4130 du
1072 4065 1125 4149 (te)
1147 4069 1260 4131 aoristo

151 4169 324 4230 reservata:
