3006 5064
681 1634 716 1700 1‚.

186 1852 252 1918 Cur
266 1871 289 1918 a
305 1853 338 1918 in
352 1852 576 1939 conjugatione
589 1855 680 1920 verbi
688 1856 781 1927 ,dore
796 1856 837 1922 sit
850 1855 969 1922 brevis.

182 2077 196 2148 5
210 2078 237 2136 l.
254 2073 389 2138 Verbum
402 2075 477 2136 dore
491 2076 624 2139 vocalem
640 2096 670 2154 a,
686 2076 711 2139 si
727 2076 783 2138 dds
798 2078 960 2156 exceperis,
976 2077 1088 2158 ubique
1099 2078 1223 2157 corripit
1240 2093 1247 2137 :

322 2174 383 2252 (do,
398 2174 465 2253 das,
480 2173 556 2256 dat),
570 2175 689 2254 dimus,
706 2175 798 2255 altitu,
819 2171 908 2254 (dant)
923 2197 931 2253 ;

322 2272 447 2349 ditum,
463 2277 532 2351 eto.;
549 2273 640 2348 dibu,
657 2277 726 2351 eto.;
744 2273 862 2353 direm',
878 2277 948 2351 eto.;

322 2368 398 2430 dire
407 2389 420 2446 ,·
435 2369 523 2450 deire]
538 2370 641 2431 ditus.

145 2476 146 2481 ’
195 2465 252 2546 52.
278 2463 354 2528 Hino
373 2472 499 2546 apparet
521 2468 648 2530 verbum
662 2468 738 2530 dare
753 2467 868 2547 primae
881 2468 1102 2549 oonJ'ugationis
1122 2467 1252 2547 speeiem

143 2568 263 2626 tuntum
278 2564 388 2626 referre
404 2581 411 2625 :
427 2568 515 2646 oujus
528 2557 644 2629 ordinis
661 2583 696 2628 ea
709 2570 756 2629 est
772 2567 860 2644 ratio,
879 2570 914 2629 ut
928 2567 1035 2645 radioi,
1051 2583 1105 2646 per
1118 2565 1253 2632 vooelom

143 2663 163 2723 et
186 2659 330 2736 euctaei,
356 2664 509 2726 addantur
530 2680 674 2742 personae
695 2681 731 2726 ao
754 2665 898 2744 temporis
924 2665 1033 2745 signo3'
1053 2669 1098 2743 ut,
1125 2665 1253 2743 exempli
1368 2725 1370 2728 .

144 2759 252 2838 gretia
267 2759 299 2820 in
310 2761 422 2844 ripe-e,
444 2760 608 2841 ripa-bom,
634 2762 761 2841 ripe-bo,
779 2778 922 2841 personae
937 2779 974 2824 eo
990 2761 1137 2842 temporis
1162 2763 1254 2842 signa

143 2875 181 2936 -e,
199 2858 294 2936 -bom,
309 2859 369 2938 -bo‚
384 2860 483 2939 θέματι
492 2861 590 2938 rip-df
601 2859 760 2937 addantur,
774 2860 805 2922 id
816 2865 863 2922 est
873 2859 1024 2939 radieirip
1035 2877 1089 2939 per
1103 2861 1122 2921 et
1135 2863 1251 2922 auotm.
1380 2900 1385 2912 ·

144 2954 227 3027 Quae
249 2955 361 3020 vocalis
382 2957 450 3019 etin
471 2956 563 3020 verbo
587 2958 661 3018 dure
682 2974 778 3038 quum
800 2944 889 3036 desit,
910 2959 1071 3039 oonjeotari
1091 2957 1161 3020 lieet
1177 2957 1254 3020 illud

143 3070 206 3115 non
229 3054 345 3132 primae
367 3055 573 3135 conjugationi
593 3041 826 3134 aeramendum,
841 3056 893 3118 sed
913 3055 1057 3135 antiquae
1070 3055 1114 3117 illi
1128 3071 1163 3116 ao
1179 3071 1255 3134 pene

142 3150 293 3213 obsoletae
316 3151 348 3212 in
367 3147 428 3232 qua
448 3168 594 3232 personae
606 3169 641 3214 ao
655 3153 801 3232 temporis
817 3153 907 3234 signa
924 3153 1033 3233 eooipit
1055 3153 1121 3232 ipsa
1137 3152 1252 3228 statim,

144 3248 228 3311 nude
241 3265 297 3310 neo
310 3248 372 3311 ullo
385 3250 568 3312 ineremento
582 3253 681 3328 auota,
697 3250 793 3312 radix.

185 3344 268 3417 Quae
283 3347 406 3426 quidem
416 3347 597 3428 conjugatio,
615 3364 707 3427 quarn
723 3351 894 3428 sequuntur
908 3347 941 3409 in
956 3363 1063 3428 graeca
1075 3346 1180 3428 lingue
1192 3363 1254 3410 non

145 3460 241 3523 pauca
255 3442 351 3506 'verba
377 3444 412 3524 (e.
438 3463 467 3524 g.
491 3448 601 3527 φά-ναι,
632 3446 717 3508 radix
736 3469 842 3529 pap-pom
863 3447 960 3529 φη-μί,
984 3447 1093 3528 ἔ-φη-ν,
1113 3447 1253 3527 pou-inu),

144 3541 266 3604 nullum
278 3543 343 3621 jam
357 3541 391 3604 in
405 3542 499 3604 latina
512 3542 640 3606 verbum
660 3549 755 3605 totum
771 3544 848 3624 regit
863 3560 871 3604 :
888 3561 924 3605 ex
937 3544 994 3605 heo
1008 3548 1107 3605 tamen
1121 3542 1255 3622 pendent

144 3640 260 3719 plures,
283 3656 362 3720 quae
387 3642 571 3720 irrepulares
598 3643 744 3704 dicuntur
767 3642 892 3720 formae,
922 3646 951 3704 et
972 3641 1042 3703 illae
1069 3641 1194 3721 quidem
1219 3658 1255 3704 or

145 3738 321 3818 hujusmodi
337 3738 491 3801 radicibus
505 3744 586 3802 ortae
604 3755 682 3819 quae
705 3757 763 3802 usu
781 3738 1024 3819 frequentissimo
1037 3738 1252 3818 ¹celebrentur3

144 3835 227 3915 quod
240 3836 360 3915 quidem
371 3836 450 3897 nihil
462 3837 533 3898 miri
544 3838 576 3897 in
586 3854 617 3899 se
627 3836 727 3916 hahet,
738 3854 833 3918 quum
847 3853 883 3898 ea
892 3837 1085 3916 potissimum
1095 3835 1253 3914 voeabula,

144 3950 224 4014 quoe
237 3933 358 4012 saepius
368 3930 566 4013 usurpantur,
578 3935 756 3996 veterrimas
770 3935 896 4012 formas,
910 3935 1028 3997 etiamsi
1037 3933 1254 3997 recentioribus

145 4036 325 4113 repugnent,
351 4033 527 4112 quotidiano
550 4050 609 4097 usu
631 4032 798 4096 familiares
817 4033 922 4112 laetas,
939 4034 973 4096 in
988 4032 1120 4115 reliquae
1134 4033 1255 4112 liuguae

182 4227 208 4280 l.
227 4225 284 4282 Seu
296 4226 433 4296 primerio
449 4226 525 4300 quod
539 4225 644 4285 dicitur
657 4226 687 4284 in
702 4226 826 4293 ἂθέματι.
