2924 5116
728 460 886 516 ..40-

253 585 343 647 modo
370 605 384 640 4
404 585 528 663 insuper
551 584 653 648 dantis
668 609 683 643 4
701 601 708 646 :
728 608 744 642 4
759 585 872 647 addere
885 587 966 648 doec
981 585 1086 665 gratiis
1102 608 1116 642 4
1135 583 1197 666 (Pl.
1214 585 1309 666 Eptd.
1330 595 1358 651 3.

253 688 282 744 4.
306 683 365 761 tt).
383 716 423 727 -
439 705 454 738 4
470 681 599 746 Nostran
623 682 712 762 culpa
733 688 798 746 east
820 699 859 744 an
882 684 1030 763 iudicum,
1054 684 1108 764 qni
1133 701 1220 762 saepe
1239 690 1362 764 propter

254 781 402 844 inuidiam
417 781 554 842 adimunt
567 780 669 849 diuiti,
684 786 738 843 aut
758 786 880 861 propter
893 783 1132 844 misericordiam
1145 783 1267 844 addunt
1283 801 1361 863 pau-

253 880 317 958 pari
342 902 356 936 4
382 879 558 958 (Terentius,
583 879 779 942 Phormion.
807 885 835 941 4.
862 885 900 942 45
919 880 966 942 ed.
992 878 1218 960 Umpfenhnoh).
1246 879 1306 943 Sed
1329 883 1360 942 in

253 978 413 1040 bisetium
433 976 515 1038 eddo
536 977 693 1057 adjiciendi
717 979 930 1058 potiusquam
950 978 1044 1040 dandi
1061 978 1242 1041 vocabulum
1265 979 1362 1059 possit

253 1076 361 1153 videri,
377 1075 552 1155 donumque
570 1075 668 1154 magis
692 1075 856 1138 subaudire
869 1093 961 1156 quam
975 1077 1152 1154 exprimere.

294 1172 489 1236 circumdare
519 1189 581 1235 non
610 1175 657 1235 est
691 1189 760 1236 rere
795 1175 1006 1252 compositum,
1032 1175 1085 1236 sed
1118 1174 1360 1255 juxtapositum;

250 1273 301 1336 sin
321 1277 426 1335 contra
440 1275 562 1334 sonaret
574 1271 1006 1334 *ermenero-*ceruendum
1022 1271 1125 1344 Quoad
1140 1288 1276 1351 sensum,
1293 1274 1362 1337 vide

133 1424 136 1429 .
178 1454 182 1461 .
253 1370 425 1450 inira522.

254 1514 257 1519 ·
293 1468 307 1548 ἓ
328 1476 357 1531 9.
381 1467 537 1530 Condere:
561 1468 756 1543 conecterem,
782 1484 847 1531 non
870 1469 1076 1546 συν-διδόντος;
1101 1492 1115 1524 4
1141 1470 1359 1549 componentia,

254 1582 325 1642 nna,
342 1566 435 1628 simul
449 1567 601 1644 ponentis,
618 1589 633 1621 4
649 1582 703 1627 sen
718 1567 841 1644 proprio
852 1582 954 1644 sensu,
968 1583 1022 1629 seu
1036 1568 1190 1630 translato.

293 1669 323 1725 t⁰
337 1662 462 1742 Proprie
482 1681 489 1724 ε
505 1686 519 1719 4
536 1663 632 1725 Minas
647 1664 764 1743 uigenti
777 1664 853 1725 mihi
867 1664 929 1741 dat,
945 1665 1060 1744 accipio
1075 1665 1192 1728 lubens.
1208 1664 1312 1728 noeto
1328 1663 1360 1727 iu

253 1777 431 1823 crumenam
454 1783 468 1816 4
492 1759 545 1840 (Pr.
569 1761 780 1840 Trecuteutes,
802 1768 830 1823 3.
850 1767 877 1823 4.
900 1762 979 1824 8ed.
1004 1759 1157 1842 Spengel).
1183 1797 1223 1808 -
1248 1763 1362 1843 «quod

207 1876 210 1881 ⁴
255 1863 394 1921 mustum
428 1859 569 1920 conditur
598 1859 629 1919 in
658 1858 774 1921 dolium
801 1881 815 1915 4
848 1858 962 1938 (Varro,
993 1860 1039 1921 De
1065 1879 1098 1922 re
1124 1863 1238 1922 rustice
1264 1859 1279 1922 l
1309 1867 1360 1938 65,

252 1957 285 2019 in
318 1954 521 2035 Scriptorihus
555 1957 599 2018 rei
635 1957 780 2036 rusticae,
812 1958 861 2019 ed.
896 1955 1063 2020 Schneider
1087 1956 1125 2038 Ι).
1156 1992 1196 2003 -
1226 1981 1240 2013 4
1267 1975 1359 2038 quem

253 2054 351 2116 multa
371 2055 404 2117 in
425 2054 506 2116 444444
530 2056 634 2117 avium
658 2071 692 2117 se
720 2055 816 2116 millia
838 2054 973 2116 44444444
998 2079 1014 2112 4
1048 2053 1149 2136 (Vtrp.
1186 2055 1293 2135 decep.
1329 2063 1357 2118 4.

255 2158 313 2216 473
344 2153 390 2214 ed.
422 2151 576 2232 Bennist);
608 2153 670 2215 444
696 2153 818 2232 proprio
844 2152 983 2214 condidit
1006 2154 1113 2215 horreo
1140 2153 1291 2234 quidquid
1324 2154 1362 2214 de

253 2250 372 2331 Libycis
385 2251 514 2313 verritur
526 2252 605 2313 areis
625 2273 639 2306 4
656 2249 767 2322 (Horat.
784 2249 838 2315 Od.
855 2250 878 2312 Ι.
897 2253 925 2311 4.
945 2259 963 2314 9
977 2252 1023 2313 ed.
1040 2249 1155 2330 Orelli).
1173 2285 1212 2296 -
1228 2273 1242 2307 4
1256 2250 1361 2314 Cende

252 2351 282 2407 et
304 2363 445 2423 compono
465 2362 542 2425 qnae
559 2362 627 2408 mox
652 2346 825 2425 depromere
837 2347 954 2426 possim
970 2370 985 2402 4
1001 2345 1050 2423 (id.
1064 2346 1160 2426 Epist.
1177 2352 1206 2408 4.
1224 2353 1252 2408 4.
1271 2347 1329 2425 42).

294 2444 382 2521 Hinc,
399 2459 468 2505 cum
482 2442 572 2505 verbo
588 2466 602 2499 4
617 2443 723 2505 abdere
739 2467 754 2500 4
769 2445 801 2506 in
822 2444 1059 2523 designationem
1081 2445 1260 2508 occultantis
1277 2445 1362 2507 coin-

254 2541 327 2604 cidit
343 2541 527 2619 (praesertim
539 2540 571 2601 in
585 2542 748 2620 composito
762 2541 965 2622 edereedere)
984 2561 995 2602 .·
1011 2564 1025 2597 4
1042 2541 1196 2622 Quidquid
1210 2541 1267 2604 sub
1281 2547 1360 2604 terra

254 2642 310 2715 est,
335 2639 367 2700 in
391 2638 529 2717 apricum
547 2638 680 2717 proferet
698 2643 799 2719 uetas3
824 2639 954 2702 defodiet
975 2639 1142 2720 condetque
1162 2640 1289 2702 nitentia
1311 2639 1358 2718 tid.

253 2736 347 2815 Epist.
366 2742 393 2797 4.
412 2741 440 2798 c.
458 2736 517 2816 44).

292 2834 323 2896 20
344 2832 503 2896 Translate
525 2850 616 2898 sensu
632 2849 640 2896 ε
658 2856 673 2891 4
689 2835 717 2897 si
729 2835 798 2914 quis
812 2835 1027 2899 occentavisset
1041 2837 1107 2899 sive
1119 2851 1241 2898 carmen
1254 2834 1360 2896 444444·-

252 2932 346 2994 de'sset
368 2955 382 2988 4
401 2932 483 3010 [Tud.
503 2934 575 3012 Lep.
600 2931 657 2995 XII
671 2950 718 3014 ap.
745 2933 805 2995 Cic.
833 2934 970 3014 Respuet.
997 2939 1026 2996 4.
1053 2939 1090 2998 to
1115 2935 1160 2997 ed.
1187 2931 1304 3013 Orelli).
1321 2967 1360 2978 -

255 3052 269 3084 4
294 3028 441 3093 Romulus
463 3031 589 3110 excipiet
609 3035 727 3111 gentem
748 3036 777 3094 44
800 3035 948 3095 mavortia
970 3031 1235 3094 coedetmoenia»
1256 3031 1357 3110 (Vtrp.

255 3128 317 3190 Ee.
335 3133 364 3189 t.
380 3134 438 3191 244
453 3129 499 3190 cd.
516 3128 662 3210 Bennist).

292 3225 376 3305 §to
411 3222 542 3288 44444444
563 3247 574 3288 .·
602 3244 710 3307 ponere
738 3228 864 3307 (mittere
892 3228 936 3306 ex)
965 3229 1010 3306 in,
1036 3228 1192 3290 4444444444
1217 3243 1224 3287 :
1248 3225 1358 3290 Verbe-

251 3322 335 3386 ribus
361 3339 483 3386 caesum
505 3329 535 3386 te
563 3330 597 3387 te
617 3328 796 3406 pistricum,
822 3327 915 3405 Dana,
938 3326 1049 3388 dedere
1072 3341 1168 3406 usquo
1191 3325 1230 3388 ad
1255 3341 1359 3388 necem

254 3421 383 3499 (Terent.
398 3420 518 3484 Aedrte
536 3428 563 3484 4.
583 3430 611 3486 2.
629 3428 667 3486 27
682 3425 728 3487 ed.
746 3423 974 3503 Umpfenbech).

224 3589 229 3597 ,
293 3517 408 3582 Sensus
424 3520 570 3599 simplicis
585 3521 668 3583 verbi
683 3543 697 3577 4
710 3522 781 3583 dare
798 3545 812 3578 4
828 3537 891 3585 uon
908 3538 977 3584 raro
991 3521 1024 3584 iu
1037 3524 1094 3585 hoc
1108 3522 1197 3586 verbe
1211 3525 1334 3601 apparet
1350 3537 1357 3582 :

251 3616 325 3678 hinc
340 3639 354 3672 4
371 3617 480 3678 dedere
499 3635 607 3678 maeres
624 3640 636 3679 4
659 3619 741 3698 quod
764 3618 844 3680 idom
863 3619 939 3681 valet
960 3619 1042 3699 quod
1065 3641 1079 3674 4
1096 3621 1170 3681 dere
1192 3635 1300 3680 mones
1317 3640 1332 3674 4
1350 3634 1357 3678 :

253 3737 268 3770 4
284 3714 309 3776 si
324 3714 377 3775 tibi
401 3732 469 3777 vera
483 3716 634 3796 videntur,
654 3716 731 3778 dede
748 3733 866 3794 maces,
881 3720 944 3794 unt,
961 3718 987 3780 si
1001 3717 1113 3780 falsum
1126 3722 1182 3794 est,
1203 3717 1360 3796 accingere

250 3817 385 3875 4444444
405 3813 570 3891 (Lucretius
585 3821 613 3875 2.
632 3819 709 3877 4442
723 3813 768 3875 ed.
791 3813 926 3895 Mnnro);
948 3815 984 3876 44.
1011 3813 1079 3877 dam
1102 3816 1163 3877 iam
1183 3814 1297 3877 efficaci
1320 3814 1360 3874 do

250 3927 360 3972 menes
383 3911 526 3974 scientiae
552 3912 660 3990 (Horat.
690 3912 743 3991 Ep.
768 3917 795 3974 t.
821 3919 833 3974 4
862 3913 908 3974 ed.
933 3911 1056 3991 Orellit3
1079 3914 1273 3976 conferantur
1286 3912 1358 3974 item

253 4008 349 4070 «darc
363 4025 485 4089 operum
500 4032 515 4065 4
529 4013 558 4072 44
575 4033 589 4065 4
605 4011 705 4073 dedita
718 4027 834 4089 opera»
848 4027 855 4072 :
868 4033 882 4066 4
898 4010 990 4081 Quasi
1003 4011 1117 4072 Dedite
1131 4028 1234 4091 opera,
1247 4011 1278 4071 in
1288 4015 1359 4071 tem·

248 4123 320 4186 pore
333 4109 409 4186 ipso,
426 4105 499 4187 Spes
508 4109 585 4170 mihi
603 4112 705 4172 sancta
720 4110 859 4171 subvenit
872 4108 1046 4188 (Cistellaria
1059 4116 1088 4172 4.
1108 4114 1136 4172 4.
1148 4109 1195 4172 ed.
1214 4108 1354 4186 Bennist).

252 4236 290 4250 —
305 4205 362 4278 Qui
383 4207 474 4284 dedit,
499 4207 549 4270 dat
570 4224 608 4269 ex
632 4225 664 4270 se
688 4223 694 4268 :
715 4204 774 4270 eSi
788 4226 843 4288 ego
857 4209 968 4289 injuste
982 4209 1133 4290 impieque
1146 4206 1359 4270 tlterteme'ees
