2924 5116
651 445 809 503 „44-

176 576 303 654 illusque
316 591 364 636 444
376 573 482 637 dedier
494 573 572 635 44444
585 589 712 652 exposco
723 595 737 628 4
749 589 797 651 ap.
815 574 881 634 Liu.
900 571 923 633 l.
941 572 1280 652 32,ed.Woissenhorn.

177 708 216 719 -
225 671 377 735 «Ancillas
391 671 465 734 dodo
480 687 487 732 :
504 670 639 751 quolibet
652 671 787 734 cruciatu
797 685 850 750 per
856 686 904 733 me
918 671 1064 751 exquire»
1078 671 1155 750 4444.
1167 671 1285 750 Hecyra

177 781 206 836 5.
223 777 250 833 2.
268 779 298 850 7,
314 772 361 834 ed.
378 769 607 850 Umpleuhach).

214 869 283 933 444
302 870 414 933 studiis
436 869 555 932 deditus
571 892 586 924 4
603 871 731 948 uterque
744 885 854 931 sensus
866 869 1014 946 recurrit3
1036 867 1148 930 etenim
1166 869 1231 928 tam
1249 866 1286 928 de

176 985 211 1032 co
222 969 325 1049 agitur
340 991 356 1025 4
371 969 424 1048 qui
438 972 536 1030 totum
558 983 589 1027 se
603 966 660 1028 dat
675 966 785 1029 studiis
801 990 815 1024 4
831 983 924 1047 quam
937 966 975 1029 de
988 981 1022 1029 eo
1041 987 1055 1022 4
1071 965 1125 1046 qui
1142 982 1174 1025 se
1188 968 1285 1026 tolum

176 1067 264 1130 444444
277 1067 311 1129 44
325 1066 445 1128 studiis.
465 1088 480 1123 4

213 1164 229 1245 5
248 1167 298 1227 44.
322 1164 436 1241 edm,
460 1165 634 1239 ἑκ-τιθέντος
646 1166 703 1240 cst,
723 1178 786 1225 non
801 1161 1000 1238 ὲκ-διδόντοςῑ
1022 1159 1232 1224 «Clanculum
1246 1176 1286 1222 44·

174 1262 300 1326 aedibus
322 1279 372 1323 me
394 1261 481 1324 4444444
493 1260 577 1342 soros
592 1285 608 1318 4
626 1262 689 1338 (Pl.
708 1260 907 1340 Mostellaria,
925 1267 954 1322 3.
971 1267 1000 1322 2.
1018 1267 1047 1337 9,
1063 1260 1109 1322 cd.
1127 1258 1282 1339 llamsay).

175 1394 215 1407 -
228 1361 370 1440 indignos
384 1376 449 1423 esse
462 1359 625 1440 putandos,
641 1359 742 1422 vivam
764 1359 938 1439 progeniem
952 1359 1006 1439 qui
1019 1362 1052 1419 44
1076 1376 1145 1419 oros
1158 1358 1285 1420 luminis

176 1458 270 1520 444444
286 1481 301 1515 a
320 1456 435 1539 (4444,
452 1464 481 1520 2.
498 1462 568 1536 646,
583 1457 630 1519 ed.
647 1455 779 1538 Munro).
795 1489 835 1502 -
851 1478 866 1511 4
883 1456 910 1518 44
923 1456 1008 1518 collis
1078 1456 1235 1535 paululum
1248 1470 1285 1517 cx

174 1556 305 1636 planicie
324 1558 425 1617 editus
447 1578 462 1612 4
489 1554 582 1634 (Caes.
606 1554 643 1616 de
666 1556 703 1616 B.
732 1555 782 1632 6.,
811 1560 839 1615 2.
864 1560 892 1615 8.
918 1562 947 1631 3,
964 1554 1009 1615 ed.
1036 1553 1228 1633 Nipperdey).
1243 1587 1283 1599 -

177 1677 192 1710 4
211 1652 302 1735 (4444)
320 1670 418 1733 neque
431 1654 473 1715 ali
487 1669 582 1733 neque
596 1655 760 1716 sustentari
775 1669 873 1732 neque
885 1653 983 1715 ullum
997 1653 1132 1715 fructum
1146 1651 1232 1714 444444
1246 1669 1285 1712 eac

176 1767 208 1814 se
235 1753 301 1813 4444
317 1753 400 1813 44444
424 1752 582 1813 hominurn
604 1755 633 1813 et
654 1752 806 1813 curatione
826 1755 978 1829 possent»
1000 1750 1124 1829 (Cicero,
1153 1751 1191 1810 de
1206 1749 1282 1811 Nat.

175 1849 262 1928 Deo,
279 1856 308 1911 2.
326 1856 376 1912 63.
394 1855 464 1928 458,
479 1850 526 1911 ed.
542 1848 658 1930 Orelli).

215 1946 229 2026 5
251 1951 299 2008 42.
318 1947 467 2008 ludere:
483 1948 640 2010 ἐν-τιθέναι
657 1963 663 2007 :
684 1968 697 2002 4
715 1945 791 2008 Inde
807 1947 954 2026 ignomin
977 1962 1074 2024 aram,
1090 1951 1124 2008 ut
1137 1946 1285 2026 Ephesiae

177 2043 289 2106 Dianae
311 2045 390 2106 44444
403 2045 508 2107 laudes
523 2068 538 2100 4
558 2044 610 2122 (Pl.
626 2043 884 2122 44444444νί444,
900 2051 930 2106 2.
946 2051 975 2105 5.
993 2048 1023 2121 4,
1040 2045 1087 2106 ed.
1104 2044 1227 2122 Fleck.].
1245 2079 1284 2088 —

178 2140 314 2205 44444444
337 2143 458 2220 4444444,
480 2159 575 2222 quam
596 2143 705 2221 pectori
726 2143 905 2219 detraxerat,
929 2143 961 2202 in
982 2141 1107 2204 modum
1129 2142 1228 2220 laquei
1246 2141 1285 2202 ad

177 2257 283 2304 arcum
298 2241 389 2303 sellae
405 2241 540 2303 restricto
555 2240 664 2304 indidit
677 2242 851 2303 4444444444
869 2240 1012 2320 (Tacitus,
1027 2238 1154 2319 44444,
1167 2244 1215 2302 45.
1232 2244 1283 2317 57,

176 2339 223 2402 ed.
250 2337 362 2415 Halm).

215 2437 410 2514 44444-444444,
425 2452 487 2499 non
501 2442 698 2517 compositum
707 2440 753 2500 est
765 2438 954 2515 vccabulum,
970 2437 1022 2499 sed
1029 2427 1282 2516 jueta-positum,

176 2553 195 2598 a
211 2535 351 2598 Lucretio
365 2539 518 2597 creatum:
535 2535 691 2615 quodnisi
709 2539 799 2613 44444,
825 2539 946 2598 sonaret
959 2535 1122 2596 4444444444
1138 2554 1148 2596 .·
1164 2557 1178 2591 4
1194 2551 1286 2614 prop·

175 2637 256 2694 terea
269 2633 386 2712 capitur
400 2632 484 2694 cibus
498 2635 533 2694 ut
547 2632 702 2696 4444444444
717 2636 803 2696 44444
815 2637 845 2695 44
854 2636 967 2695 recreat
977 2633 1060 2695 vires
1073 2633 1282 2694 iuter-dutus»

178 2727 219 2808 (4.
236 2735 305 2807 867,
322 2729 368 2790 ed.
387 2727 514 2807 Munro).

215 2827 229 2907 5
251 2832 300 2890 l3.
325 2825 439 2888 obdere
455 2843 462 2886 :
478 2830 687 2890 4444424444.

218 2924 401 2988 4Ρ44444444
410 2926 488 2987 ostio
498 2923 596 2988 obdo⁴
612 2925 716 2998 44444.
730 2925 810 2987 Eun.
829 2932 856 2987 3.
874 2933 902 2988 5.
918 2933 967 3005 55,
981 2927 1028 2988 ed.
1050 2925 1282 3007 Umplenbach).

148 3058 155 3075 ·
214 3023 228 3103 5
251 3027 299 3085 44.
322 3023 472 3084 Per-dere
487 3044 501 3077 4
516 3039 639 3101 pessum
662 3023 742 3084 dare.
762 3045 776 3077 4
795 3022 848 3083 4444
866 3039 932 3083 esse
952 3023 1067 3099 διδόναι,
1091 3040 1153 3086 nou
1173 3027 1283 3086 τιθέναι

174 3121 271 3197 dccet,
291 3121 382 3182 sinon
403 3137 557 3199 «pessum
578 3120 649 3181 dare
663 3143 677 3175 4
690 3117 718 3192 4,·
739 3122 819 3181 certe
841 3121 1025 3183 sanscritum
1042 3119 1184 3200 paraus
1202 3123 1284 3201 quod

173 3219 252 3281 idom
267 3218 347 3280 valet
359 3221 449 3298 atque
458 3217 604 3298 per-dere
619 3214 682 3298 (4444
701 3234 742 3280 44
762 3234 835 3298 aryo
849 3217 1036 3281 anukdmam
1049 3221 1130 3298 perd
1143 3217 1200 3280 4444
1216 3218 1284 3299 [Rig

173 3315 265 3395 Vada,
283 3325 311 3380 8.
334 3322 381 3378 48.
399 3318 427 3394 8]
448 3334 455 3377 :
473 3339 487 3373 4
505 3332 607 3378 nanos
618 3316 737 3379 inimici
749 3317 788 3380 ad
803 3320 907 3379 volum
917 3318 1046 3396 per-das
1063 3318 1102 3396 44

212 3414 387 3494 prce-ditus
401 3434 412 3476 :
429 3411 703 3495 4444)-444444443.

210 3681 236 3736 4.
261 3679 371 3736 Hinc
365 3695 371 3706 ·
397 3700 409 3733 ‹
435 3679 566 3736 claudere
588 3699 620 3748 4;
646 3679 781 3736 dixerunt
804 3679 930 3752 primum
955 3696 961 3734 :
986 3680 1057 3735 44444
1085 3679 1152 3750 quid
1173 3679 1286 3734 44444444

175 3769 234 3842 (oh-
237 3768 372 3844 ponitur),
388 3767 512 3826 deinde.
507 3770 630 3824 ·osticm
646 3770 689 3842 (op
691 3769 825 3840 ponitur)
842 3767 974 3826 ob-ditcr

209 3857 295 3916 tto
317 3857 402 3928 tnta
423 3857 495 3932 52²2
515 3858 642 3915 adf-
665 3857 723 3912 Per
736 3857 841 3930 duplex
856 3864 921 3913 est:
941 3858 972 3914 in
986 3875 1054 3929 per
1047 3859 1146 3930 ficere
1162 3863 1206 3914 est
1219 3857 1283 3924 περί,

174 3963 241 4004 4444.
263 3949 341 4018 pari,
364 3963 489 4019 «usqua
512 3948 548 4004 ad
572 3948 660 4004 finem
685 3966 717 4015 4;
738 3947 770 4003 in
789 3955 973 4018 4444444444,
991 3965 1056 4019 per
1046 3947 1188 4002 dere
1144 3952 1225 4003 444π
1226 3947 1283 4012 α,ρά

175 4052 244 4094 sscr.
255 4035 330 4106 perd
346 4055 357 4088 4
375 4034 501 4108 oblique,
515 4042 629 4093 torte».

211 4126 237 4183 3.
254 4125 327 4182 (lum
340 4125 425 4182 ablat'
405 4132 464 4181 4444
479 4126 538 4195 444;
554 4132 649 4196 antea,
665 4126 727 4182 sine
737 4125 833 4198 dubio,
849 4141 914 4183 cum
928 4125 1105 4183 nominativo
1120 4125 1172 4195 rei,
1188 4125 1283 4183 dativo

176 4229 332 4287 personae·
325 4258 333 4282 ‚
346 4232 389 4270 444
397 4215 531 4286 praedita
539 4217 595 4283 4444
608 4215 712 4271 domici
722 4215 887 4289 priusquam
897 4221 973 4288 esset
987 4215 1064 4270 444444
1081 4233 1110 4269 re
1119 4215 1267 4286 praeditus
1274 4237 1284 4278 ;
