3006 5064
193 600 261 663 ilias
273 597 370 678 perire
384 596 458 659 sinit
470 596 707 673 iuventaesuni,
723 595 819 657 seder
832 596 986 658 remotiori
1001 599 1137 675 tampore
1148 600 1277 659 manant
1292 613 1299 658 ι
1400 674 1407 690 ⁸

192 698 249 762 hae
262 696 377 757 formae
391 696 507 756 dou-o
528 693 680 755 donum
692 693 788 755 latina
802 693 908 772 lingua
921 693 1018 755 multo
1031 692 1216 774 antiquiores
1228 697 1304 776 jura

89 784 91 790 ’
194 795 288 858 videri
303 793 422 870 debent,
438 809 474 855 ac
487 792 551 854 sina
565 791 878 872 temeritatensquead
888 791 1137 870 indoeuropaoas
1147 791 1304 854 *doudmi

193 893 369 968 *do-uouti,
393 907 462 952 curn
489 888 601 969 quibus
622 888 764 951 vivebant
794 888 978 951 sororiantes
999 887 1305 952 formandis-admi

192 989 405 1067 *diurno-riti,
423 988 527 1050 referri
542 986 671 1067 possint.
688 984 769 1058 Quae
780 986 1172 1066 menandrianorum,
1184 987 1305 1052 mema-

193 1089 275 1151 tibus
288 1087 331 1148 do
344 1086 416 1164 dio,
433 1086 518 1147 dudd
538 1082 656 1163 dodtd,
676 1084 709 1146 in
722 1086 875 1164 plerisque
889 1084 1002 1165 linguis
1013 1085 1133 1164 obruta,
1146 1085 1305 1167 aliquibus

193 1185 407 1249 tantummodo
419 1185 675 1264 iudo-europeam
689 1186 783 1246 tarrae
791 1183 912 1264 angulis
925 1184 1056 1263 aliquem
1067 1184 1145 1246 vitae
1158 1184 1304 1264 spiritum

193 1285 403 1348 servaverunt.
1267 1326 1270 1334 .

232 1386 246 1458 ἓ
268 1380 370 1445 addin
386 1381 443 1443 hoo
455 1383 484 1443 at
498 1381 635 1459 proximo
649 1380 746 1460 capita
759 1379 918 1459 colligatur
933 1394 941 1441 :
957 1378 1091 1442 radicem
1102 1379 1144 1440 da
1160 1379 1259 1442 «dare
1269 1401 1299 1460 n,

192 1479 389 1562 quaedirecte
401 1480 549 1557 tutatur,
557 1478 765 1541 flexamfuisse
777 1478 933 1558 quondam
945 1482 1055 1540 etcum
1065 1477 1303 1558 reduplicatioue

193 1584 306 1641 etcum
328 1577 439 1639 suffixo
459 1593 480 1638 u
497 1595 509 1636 .·
522 1593 602 1657 quae
619 1580 681 1638 tres
704 1577 932 1657 conjugationes
946 1578 1011 1657 jam
1025 1577 1058 1637 in
1072 1575 1305 1655 indo·europaea

103 1674 105 1677 ’
193 1678 298 1754 lingua
329 1674 461 1735 radicem
487 1673 704 1754 derogabant.
731 1673 767 1735 In
792 1673 887 1755 latina
910 1673 1029 1754 lingua,
1056 1673 1143 1736 radix
1170 1680 1219 1736 sto
1241 1679 1304 1738 ires

193 1773 313 1837 easdem
329 1772 476 1852 sequitur,
490 1773 533 1834 ita
547 1776 580 1834 ut
593 1773 730 1835 flectatur
747 1787 755 1831 ε

232 1877 265 1934 40
279 1870 318 1932 Ui
331 1871 372 1932 do
394 1871 559 1950 primario:
585 1867 691 1948 sid-rc,
716 1871 856 1949 rid-mua,
880 1887 915 1932 ex
939 1869 1163 1950 antiquioribus
1183 1869 1303 1949 'sid-rc,

194 1970 345 2048 ‘scd-mus,
362 1985 458 2049 quum
471 1969 556 2031 radix
570 1969 610 2031 sit
624 1968 674 2029 stt
694 1968 825 2047 istd-tor,
840 1967 981 2046 sti-iio);

232 2074 264 2131 2⁰
281 2066 357 2130 dum
378 2067 625 2147 reduplicatioue,
647 2070 682 2129 ut
694 2066 736 2128 do
749 2067 781 2127 in
802 2067 912 2129 italicis
929 2064 1057 2147 (praetor
1076 2065 1214 2148 latinam)
1235 2067 1304 2130 dia·

193 2167 278 2229 tectis
293 2183 300 2226 :
316 2170 403 2226 sisto
416 2165 498 2246 quod
513 2165 672 2244 respondet
686 2164 823 2227 umbrico
834 2162 932 2242 dido,
947 2162 1057 2244 do-do,·

233 2270 263 2326 3⁰
277 2261 353 2325 Cum
371 2263 482 2325 suffixo
501 2280 533 2340 u,
557 2265 592 2324 ut
613 2261 680 2322 dc:
706 2262 840 2322 -rtd-uo
868 2262 907 2340 (in
930 2260 1104 2341 de-sti-uo;
1127 2260 1301 2342 od-sti-uo),

193 2361 275 2443 quod
288 2361 449 2441 respondet
460 2361 557 2422 latino
571 2360 682 2420 douo
692 2356 716 2419 ⁴.

234 2456 368 2538 Quarum
383 2475 474 2519 unam
498 2457 582 2520 radix
597 2457 638 2518 do
660 2457 692 2517 in
707 2457 824 2538 vulgari
838 2456 943 2537 lingua
967 2459 1104 2533 retinuit,
1126 2473 1223 2537 quum
1244 2462 1306 2521 tres

193 2556 308 2618 formae
321 2553 371 2632 do,
385 2554 486 2632 *dido,
498 2554 579 2615 douo
589 2569 683 2615 unam
692 2554 890 2634 eamdemque
900 2554 1149 2634 significationem
1158 2553 1306 2617 habereut

197 2653 219 2732 (i
242 2651 308 2731 30);
334 2652 470 2713 vixerunt
496 2656 554 2729 sto,
575 2655 660 2730 sisto,
684 2656 797 2731 -stauo,
821 2653 893 2733 quia
914 2669 1110 2732 unaquaeque
1134 2668 1223 2714 snam
1247 2652 1306 2715 sibi

194 2750 316 2828 iecerat,
345 2752 379 2812 ut
395 2750 455 2812 rita
476 2749 597 2830 propria
622 2749 722 2813 rivere
745 2754 856 2830 posset.
883 2748 1041 2813 Praeterea
1064 2749 1148 2813 radix
1171 2749 1210 2811 de
1233 2751 1305 2812 flec-

175 2848 269 2910 titur
281 2865 351 2911 oum
366 2848 476 2911 suitixo
489 2851 517 2908 ie
534 2848 555 2927 (ᾖ
570 2847 629 2926 tit.

730 3038 770 3103 11.

235 3240 320 3320 §39-
343 3238 422 3302 Sunt
444 3240 625 3303 obsoletaoe
648 3239 748 3302 radice
774 3240 817 3300 du
839 3220 974 3300 formae:
997 3238 1094 3314 duim,
1119 3237 1198 3315 duis,
1222 3236 1304 3313 duit,

195 3340 299 3417 duint,
315 3338 437 3416 adduit,
453 3337 581 3416 creduis,
604 3338 731 3415 eruduit,
743 3333 877 3416 perdicit,
900 3336 1109 3413 venumdedit,
1133 3335 1302 3414 recouduit‚

195 3438 351 3514 interduo,
366 3436 542 3515 connodato,
558 3433 755 3498 urduuitur2.

227 3605 257 3665 i.
282 3603 391 3660 Thema
416 3611 505 3658 sto-u·
533 3618 596 3659 essa
624 3600 882 3674 indo-europaeum
909 3599 1012 3657 docent
1034 3599 1173 3658 slavioum
1193 3605 1304 3674 sio-uo,

195 3692 349 3763 rio-ucudi,
364 3695 496 3763 stu-noti,
515 3693 647 3746 sto-uidi
665 3713 701 3740 =
727 3700 858 3762 -siu·u·o,
875 3699 981 3746 sionna
994 3699 1043 3758 (an
1066 3691 1181 3768 ricuini)
1195 3699 1306 3749 -stouot

196 3785 243 3855 {an
258 3782 385 3851 sinaiti),
400 3787 532 3838 -stanant
546 3789 594 3846 (an
607 3786 721 3836 struunt
727 3785 765 3848 τις
788 3779 884 3836 forsan
908 3787 990 3836 vetus
1001 3779 1162 3836 teotiscnm
1183 3781 1306 3836 stando

197 3878 284 3929 «sto»
303 3872 475 3944 (quanquam
486 3871 629 3927 incertum
644 3868 1050 3942 numexstiteritex*stad[cf.
1062 3869 1306 3926 hibernandum

198 3962 281 4034 esto]
306 3960 473 4034 interposita
487 3959 589 4031 nasali,
614 3976 651 4016 an
674 3975 709 4017 ex
730 3975 869 4017 concursu
894 3958 1001 4016 formae
1024 3959 1102 4013 *stad
1125 3974 1191 4016 cum
1213 3958 1306 4016 forma

194 4048 298 4120 *srcu);
324 4049 475 4106 sandicum
492 4051 727 4120 fra-praevorti
744 4048 859 4119 (Yaaht,
876 4048 919 4119 10,
935 4047 980 4119 ι20)
998 4068 1009 4101 ι
1026 4048 1056 4105 in
1073 4048 1166 4105 fronte
1180 4053 1257 4104 stant
1273 4052 1301 4117 »3

194 4138 346 4196 osseticum
360 4139 453 4209 piptiu.

230 4227 256 4282 ⁶2.
272 4226 401 4300 Bellona,
421 4228 446 4289 si
460 4226 546 4284 hodie
569 4226 651 4284 nohis
673 4226 821 4287 victoriam
847 4227 918 4299 duis,
943 4234 987 4284 ast
1012 4227 1138 4299 egotibi
1162 4226 1302 4301 templum
