2924 5116
553 1237 854 1306 PRAEFATIO.

191 1553 341 1618 Latinum
361 1553 494 1619 verbum
515 1556 606 1621 dore
632 1555 777 1641 pluribus
799 1555 898 1622 modis
921 1575 941 1621 a
968 1575 1082 1623 norma
1103 1556 1257 1644 conjuga-

147 1660 242 1726 tionis
263 1659 383 1726 latinae
413 1659 556 1726 discedit.
582 1661 763 1727 Mirandum
785 1664 921 1749 primum
948 1661 1102 1748 quomodo
1126 1662 1185 1728 fiat
1207 1669 1253 1740 ut,

147 1787 244 1852 quum
268 1768 403 1853 primam
429 1767 683 1854 conjugationem
711 1775 861 1854 sequatur
894 1774 950 1834 aut
980 1770 1068 1854 sequi
1097 1769 1253 1847 videatur,

146 1873 289 1940 vocalem
310 1874 440 1939 brevem
462 1874 485 1938 ἄ
507 1875 643 1952 habeat;
669 1881 749 1951 tum,
783 1895 841 1941 our
863 1876 1037 1960 composita
1060 1874 1102 1941 ad
1129 1877 1256 1941 tertiam

146 1987 321 2047 transeant.
338 1980 450 2057 Quoad
463 2001 603 2060 sensum,
620 2002 697 2046 num
707 2001 749 2046 ex
759 1980 990 2066 significatione
1003 1982 1152 2067 simplicis
1166 1982 1256 2048 verbi

146 2087 235 2153 dore
243 2109 375 2154 manare
381 2096 477 2175 queat
490 2087 679 2174 significatio
691 2089 946 2174 compositorum,
963 2109 1044 2173 quae
1056 2095 1102 2153 est
1113 2088 1256 2174 plerum-

146 2213 207 2277 que
222 2218 240 2254 ‹<
255 2215 372 2280 ponere
388 2194 431 2259 »l
452 2194 543 2270 Quod
556 2195 584 2260 si
604 2215 646 2260 ex
664 2194 777 2260 italica
796 2193 836 2259 ad
851 2205 1002 2281 cognatas
1016 2195 1144 2280 linguas
1163 2203 1255 2262 tran-

146 2319 227 2379 seas,
244 2301 318 2386 quid
338 2303 463 2368 intersit
481 2304 564 2368 inter
578 2304 682 2368 dore
698 2308 729 2367 et
745 2301 856 2378 δίδωμι,
873 2300 976 2386 quoad
989 2303 1108 2379 θέματος
1122 2303 1254 2368 formam

145 2411 176 2471 et
190 2406 293 2492 quoad
306 2407 423 2473 radicis
436 2407 602 2473 vocalem?
617 2406 698 2483 Quid
712 2407 846 2493 denique
858 2407 918 2473 sibi
930 2407 1031 2472 velint
1046 2414 1171 2474 veteres
1184 2409 1254 2474 for-

145 2515 381 2589 macedonum,
401 2513 528 2580 duint?

189 2621 332 2696 Quarum
345 2622 566 2707 quaestionum
574 2620 762 2709 jamdudum
783 2620 944 2687 nonnullis
966 2641 1154 2708 responsum
1177 2629 1251 2688 est:

145 2729 259 2793 tertiae
282 2727 513 2814 responderunt
534 2727 680 2814 Schlegel
700 2733 731 2793 et
754 2727 855 2813 Bopp,
876 2726 938 2794 duo
958 2728 1057 2794 verba
1077 2729 1201 2795 diversa
1220 2729 1254 2792 in

144 2836 323 2921 compositis
337 2836 427 2901 verbi
446 2837 536 2902 dore
558 2835 679 2914 latere3
703 2836 778 2900 item
791 2835 919 2920 quintae
940 2833 1133 2911 Schleicher‚
1157 2856 1253 2921 quum

142 2940 235 3026 juxta
249 2943 391 3028 posuerit
407 2943 536 3017 linunt,
560 2943 694 3021 sinunt,
711 2949 787 3019 eto.;
804 2947 914 3007 sextae
934 2943 1025 3019 Fick,
1043 2961 1140 3027 quum
1157 2942 1253 3028 juxta

143 3046 281 3114 radicem
296 3050 344 3114 do
364 3037 527 3115 exstitisse
541 3049 616 3115 olim
629 3048 768 3114 radicem
784 3049 834 3113 du
848 3047 990 3114 docuerit
1003 3069 1010 3125 ;
1027 3055 1168 3114 caeteras
1187 3068 1253 3114 non

143 3153 234 3219 video
246 3155 342 3221 fuisse
361 3156 540 3222 accuratius
554 3160 721 3233 tractatas,
738 3160 795 3219 aut
815 3153 857 3219 ad
877 3153 1116 3238 disquirendum
1134 3175 1253 3241 propo-

143 3261 231 3325 sitas.
263 3263 331 3327 Has
363 3262 515 3350 indagare
547 3282 621 3329 nonx
645 3260 757 3355 inutile
782 3261 887 3326 visum
913 3267 976 3340 est,
1009 3263 1130 3348 priores
1158 3265 1253 3329 etiam

141 3373 317 3434 retractare
336 3375 369 3435 et
382 3368 569 3436 Fiokianam
584 3369 760 3436 doctrinam
782 3368 887 3446 novis,
903 3374 939 3434 ut
954 3389 1039 3447 reor,
1056 3372 1252 3457 argumentis

142 3474 342 3541 confirmare.

185 3697 329 3764 Lutetiae
343 3699 551 3778 Parisiorum,
568 3719 675 3765 mense
689 3698 848 3786 Augusto,
867 3718 951 3766 anno
965 3715 1189 3766 muoocnxxvr.
