<?xml version="1.0" encoding="UTF-8"?>
<!DOCTYPE html PUBLIC "-//W3C//DTD XHTML 1.0 Transitional//EN"
    "http://www.w3.org/TR/xhtml1/DTD/xhtml1-transitional.dtd">
<html xmlns="http://www.w3.org/1999/xhtml" xml:lang="en" lang="en">
 <head>
  <title>
</title>
<meta http-equiv="Content-Type" content="text/html;charset=utf-8" />
  <meta name='ocr-system' content='tesseract 3.04.00' />
  <meta name='ocr-capabilities' content='ocr_page ocr_carea ocr_par ocr_line ocrx_word'/>
</head>
<body>
  <div class='ocr_page' id='page_1' title='image "./deconjugationel00darmgoog_0025.png"; bbox 0 0 3006 5064; ppageno 0'>
   <div class='ocr_carea' id='block_1_1' title="bbox 302 437 1369 648">
    <p class='ocr_par' dir='ltr' id='par_1_1' title="bbox 302 437 1369 648">
     <span class='ocr_line' id='line_1_1' title="bbox 739 437 898 494; baseline 0 -18"><span class='ocrx_word' id='word_1_1' title='bbox 739 466 778 476; x_wconf 82' lang='grc'><strong>..</strong></span> <span class='ocrx_word' id='word_1_2' title='bbox 801 437 837 494; x_wconf 65' lang='lat'><strong><em>42</em></strong></span> <span class='ocrx_word' id='word_1_3' title='bbox 859 465 898 476; x_wconf 84' lang='lat'><strong><em>...</em></strong></span> 
     </span>
     <span class='ocr_line' id='line_1_2' title="bbox 302 563 1369 648; baseline 0.006 -24"><span class='ocrx_word' id='word_1_4' title='bbox 302 563 317 643; x_wconf 66' lang='grc'><strong><em>4</em></strong></span> <span class='ocrx_word' id='word_1_5' title='bbox 338 568 387 624; x_wconf 80' lang='grc'><strong><em>44.</em></strong></span> <span class='ocrx_word' id='word_1_6' title='bbox 410 563 561 624; x_wconf 91' lang='lat' dir='ltr'><strong><em>Pro-dere</em></strong></span> <span class='ocrx_word' id='word_1_7' title='bbox 581 567 763 646; x_wconf 67' lang='lat' dir='ltr'><strong><em>epe-ereata</em></strong></span> <span class='ocrx_word' id='word_1_8' title='bbox 786 580 864 644; x_wconf 87' lang='lat' dir='ltr'><strong><em>quae</em></strong></span> <span class='ocrx_word' id='word_1_9' title='bbox 881 565 1005 626; x_wconf 83' lang='grc'><strong>4444444</strong></span> <span class='ocrx_word' id='word_1_10' title='bbox 1025 571 1123 628; x_wconf 89' lang='lat' dir='ltr'><strong><em>sunt:</em></strong></span> <span class='ocrx_word' id='word_1_11' title='bbox 1146 565 1246 648; x_wconf 83' lang='lat' dir='ltr'><strong><em>(Oetd.</em></strong></span> <span class='ocrx_word' id='word_1_12' title='bbox 1271 568 1369 647; x_wconf 75' lang='lat' dir='ltr'><strong><em>Fert,</em></strong></span> 
     </span>
    </p>
   </div>
   <div class='ocr_carea' id='block_1_2' title="bbox 173 658 1230 740">
    <p class='ocr_par' dir='ltr' id='par_1_2' title="bbox 173 658 1230 740">
     <span class='ocr_line' id='line_1_3' title="bbox 173 658 1230 740; baseline 0.001 -19"><span class='ocrx_word' id='word_1_13' title='bbox 173 658 175 662; x_wconf 67' lang='grc'><strong>“</strong></span> <span class='ocrx_word' id='word_1_14' title='bbox 265 667 295 721; x_wconf 78' lang='grc'><strong><em>5.</em></strong></span> <span class='ocrx_word' id='word_1_15' title='bbox 313 665 383 739; x_wconf 81' lang='lat' dir='ltr'><strong><em>ste,</em></strong></span> <span class='ocrx_word' id='word_1_16' title='bbox 397 659 442 722; x_wconf 88' lang='lat' dir='ltr'><strong><em>ed.</em></strong></span> <span class='ocrx_word' id='word_1_17' title='bbox 459 658 581 740; x_wconf 85' lang='lat' dir='ltr'><strong><em>Merkel)</em></strong></span> <span class='ocrx_word' id='word_1_18' title='bbox 600 684 615 717; x_wconf 70' lang='lat' dir='ltr'><strong><em>a</em></strong></span> <span class='ocrx_word' id='word_1_19' title='bbox 630 661 742 722; x_wconf 84' lang='lat' dir='ltr'><strong><em>Prodit</em></strong></span> <span class='ocrx_word' id='word_1_20' title='bbox 755 660 875 725; x_wconf 87' lang='lat' dir='ltr'><strong><em>fumoso</em></strong></span> <span class='ocrx_word' id='word_1_21' title='bbox 888 663 1012 724; x_wconf 80' lang='lat' dir='ltr'><strong><em>condito</em></strong></span> <span class='ocrx_word' id='word_1_22' title='bbox 1027 663 1097 726; x_wconf 81' lang='lat' dir='ltr'><strong><em>rina</em></strong></span> <span class='ocrx_word' id='word_1_23' title='bbox 1111 665 1196 728; x_wconf 84' lang='lat' dir='ltr'><strong><em>cado.</em></strong></span> <span class='ocrx_word' id='word_1_24' title='bbox 1214 688 1230 722; x_wconf 72' lang='grc'><strong><em>4</em></strong></span> 
     </span>
    </p>
   </div>
   <div class='ocr_carea' id='block_1_3' title="bbox 262 757 1375 1526">
    <p class='ocr_par' dir='ltr' id='par_1_3' title="bbox 262 757 1375 1328">
     <span class='ocr_line' id='line_1_4' title="bbox 301 757 1375 842; baseline 0.005 -23"><span class='ocrx_word' id='word_1_25' title='bbox 301 757 385 838; x_wconf 67' lang='lat' dir='ltr'><strong><em>§iti</em></strong></span> <span class='ocrx_word' id='word_1_26' title='bbox 409 757 581 820; x_wconf 77' lang='lat' dir='ltr'><strong><em>Reddere«</em></strong></span> <span class='ocrx_word' id='word_1_27' title='bbox 604 760 831 823; x_wconf 70' lang='lat' dir='ltr'><strong><em>rursus-tritico</em></strong></span> <span class='ocrx_word' id='word_1_28' title='bbox 858 784 872 818; x_wconf 75' lang='grc'><strong><em>4</em></strong></span> <span class='ocrx_word' id='word_1_29' title='bbox 898 762 947 822; x_wconf 90' lang='lat' dir='ltr'><strong><em>vel</em></strong></span> <span class='ocrx_word' id='word_1_30' title='bbox 969 760 1087 839; x_wconf 90' lang='lat' dir='ltr'><strong><em>datum,</em></strong></span> <span class='ocrx_word' id='word_1_31' title='bbox 1113 762 1162 824; x_wconf 85' lang='lat' dir='ltr'><strong><em>vel</em></strong></span> <span class='ocrx_word' id='word_1_32' title='bbox 1187 778 1243 842; x_wconf 93' lang='lat' dir='ltr'><strong><em>pro</em></strong></span> <span class='ocrx_word' id='word_1_33' title='bbox 1269 763 1340 826; x_wconf 91' lang='lat' dir='ltr'><strong><em>dato</em></strong></span> <span class='ocrx_word' id='word_1_34' title='bbox 1361 780 1375 824; x_wconf 65' lang='grc'><strong><em>;»</em></strong></span> 
     </span>
     <span class='ocr_line' id='line_1_5' title="bbox 264 857 1371 941; baseline 0.012 -29"><span class='ocrx_word' id='word_1_35' title='bbox 264 879 279 912; x_wconf 74' lang='lat' dir='ltr'><strong><em>a</em></strong></span> <span class='ocrx_word' id='word_1_36' title='bbox 304 858 408 934; x_wconf 89' lang='lat' dir='ltr'><strong><em>orabo,</em></strong></span> <span class='ocrx_word' id='word_1_37' title='bbox 423 858 554 920; x_wconf 81' lang='lat' dir='ltr'><strong><em>utmihi</em></strong></span> <span class='ocrx_word' id='word_1_38' title='bbox 577 857 822 937; x_wconf 87' lang='lat' dir='ltr'><strong><em>pallamreddot,</em></strong></span> <span class='ocrx_word' id='word_1_39' title='bbox 838 876 931 940; x_wconf 87' lang='lat' dir='ltr'><strong><em>quam</em></strong></span> <span class='ocrx_word' id='word_1_40' title='bbox 954 860 1070 923; x_wconf 93' lang='lat' dir='ltr'><strong>dudum</strong></span> <span class='ocrx_word' id='word_1_41' title='bbox 1092 859 1200 922; x_wconf 81' lang='lat' dir='ltr'><strong><em>dedi»</em></strong></span> <span class='ocrx_word' id='word_1_42' title='bbox 1226 859 1371 941; x_wconf 79' lang='lat' dir='ltr'><strong><em>(Plautus,</em></strong></span> 
     </span>
     <span class='ocr_line' id='line_1_6' title="bbox 263 952 1374 1036; baseline 0.007 -21"><span class='ocrx_word' id='word_1_43' title='bbox 263 952 355 1033; x_wconf 85' lang='lat' dir='ltr'><strong><em>Men,</em></strong></span> <span class='ocrx_word' id='word_1_44' title='bbox 371 960 398 1016; x_wconf 90' lang='grc'><strong><em>4.</em></strong></span> <span class='ocrx_word' id='word_1_45' title='bbox 416 961 445 1017; x_wconf 93' lang='grc'><strong><em>2.</em></strong></span> <span class='ocrx_word' id='word_1_46' title='bbox 465 953 557 1036; x_wconf 70' lang='lat' dir='ltr'><strong><em>(itt),</em></strong></span> <span class='ocrx_word' id='word_1_47' title='bbox 569 955 615 1018; x_wconf 88' lang='lat' dir='ltr'><strong><em>ed.</em></strong></span> <span class='ocrx_word' id='word_1_48' title='bbox 628 955 743 1034; x_wconf 75' lang='lat' dir='ltr'><strong><em>Bothe).</em></strong></span> <span class='ocrx_word' id='word_1_49' title='bbox 760 978 825 1011; x_wconf 80' lang='lat'><strong><em>-«</em></strong></span> <span class='ocrx_word' id='word_1_50' title='bbox 842 955 966 1020; x_wconf 77' lang='lat' dir='ltr'><strong>Cincius</strong></span> <span class='ocrx_word' id='word_1_51' title='bbox 986 961 1090 1021; x_wconf 87' lang='lat' dir='ltr'><strong><em>noster</em></strong></span> <span class='ocrx_word' id='word_1_52' title='bbox 1103 974 1170 1020; x_wconf 88' lang='lat' dir='ltr'><strong><em>eam</em></strong></span> <span class='ocrx_word' id='word_1_53' title='bbox 1185 959 1262 1021; x_wconf 88' lang='lat' dir='ltr'><strong><em>mihi</em></strong></span> <span class='ocrx_word' id='word_1_54' title='bbox 1276 960 1330 1022; x_wconf 87' lang='lat' dir='ltr'><strong><em>abs</em></strong></span> <span class='ocrx_word' id='word_1_55' title='bbox 1344 963 1374 1022; x_wconf 82' lang='lat' dir='ltr'><strong><em>to</em></strong></span> 
     </span>
     <span class='ocr_line' id='line_1_7' title="bbox 266 1051 1373 1137; baseline 0.005 -23"><span class='ocrx_word' id='word_1_56' title='bbox 266 1053 423 1132; x_wconf 87' lang='lat' dir='ltr'><strong><em>epistolam</em></strong></span> <span class='ocrx_word' id='word_1_57' title='bbox 453 1051 601 1129; x_wconf 79' lang='lat' dir='ltr'><strong><em>reddidit,</em></strong></span> <span class='ocrx_word' id='word_1_58' title='bbox 630 1069 723 1134; x_wconf 89' lang='lat' dir='ltr'><strong><em>quarn</em></strong></span> <span class='ocrx_word' id='word_1_59' title='bbox 754 1058 788 1115; x_wconf 90' lang='lat' dir='ltr'><strong><em>tu</em></strong></span> <span class='ocrx_word' id='word_1_60' title='bbox 819 1052 1002 1117; x_wconf 77' lang='grc'><strong>1444414444.</strong></span> <span class='ocrx_word' id='word_1_61' title='bbox 1032 1055 1158 1117; x_wconf 84' lang='lat' dir='ltr'><strong><em>dederes</em></strong></span> <span class='ocrx_word' id='word_1_62' title='bbox 1185 1079 1200 1112; x_wconf 72' lang='lat' dir='ltr'><strong><em>r</em></strong></span> <span class='ocrx_word' id='word_1_63' title='bbox 1238 1054 1308 1137; x_wconf 78' lang='lat' dir='ltr'><strong><em>(ilic.</em></strong></span> <span class='ocrx_word' id='word_1_64' title='bbox 1333 1056 1373 1119; x_wconf 90' lang='lat' dir='ltr'><strong><em>ad</em></strong></span> 
     </span>
     <span class='ocr_line' id='line_1_8' title="bbox 266 1147 1372 1233; baseline 0.005 -22"><span class='ocrx_word' id='word_1_65' title='bbox 266 1147 344 1228; x_wconf 79' lang='lat' dir='ltr'><strong><em>Ait,</em></strong></span> <span class='ocrx_word' id='word_1_66' title='bbox 370 1155 398 1213; x_wconf 93' lang='grc'><strong><em>4.</em></strong></span> <span class='ocrx_word' id='word_1_67' title='bbox 417 1157 468 1227; x_wconf 84' lang='grc'><strong><em>24,</em></strong></span> <span class='ocrx_word' id='word_1_68' title='bbox 496 1150 684 1231; x_wconf 73' lang='grc'><strong>4.,044444).</strong></span> <span class='ocrx_word' id='word_1_69' title='bbox 702 1175 773 1207; x_wconf 82' lang='lat'><strong><em>-«</em></strong></span> <span class='ocrx_word' id='word_1_70' title='bbox 795 1150 853 1214; x_wconf 92' lang='lat' dir='ltr'><strong><em>Pro</em></strong></span> <span class='ocrx_word' id='word_1_71' title='bbox 874 1151 1035 1215; x_wconf 76' lang='lat' dir='ltr'><strong><em>benefactis</em></strong></span> <span class='ocrx_word' id='word_1_72' title='bbox 1055 1153 1123 1216; x_wconf 89' lang='lat' dir='ltr'><strong><em>eius</em></strong></span> <span class='ocrx_word' id='word_1_73' title='bbox 1142 1157 1176 1217; x_wconf 88' lang='lat' dir='ltr'><strong><em>ut</em></strong></span> <span class='ocrx_word' id='word_1_74' title='bbox 1193 1154 1224 1216; x_wconf 89' lang='lat' dir='ltr'><strong><em>ci</em></strong></span> <span class='ocrx_word' id='word_1_75' title='bbox 1243 1154 1372 1233; x_wconf 89' lang='lat' dir='ltr'><strong><em>pretium</em></strong></span> 
     </span>
     <span class='ocr_line' id='line_1_9' title="bbox 262 1248 1117 1328; baseline 0.001 -18"><span class='ocrx_word' id='word_1_76' title='bbox 262 1249 378 1326; x_wconf 92' lang='lat' dir='ltr'><strong><em>possim</em></strong></span> <span class='ocrx_word' id='word_1_77' title='bbox 391 1248 517 1310; x_wconf 84' lang='lat' dir='ltr'><strong><em>reddere</em></strong></span> <span class='ocrx_word' id='word_1_78' title='bbox 530 1248 674 1328; x_wconf 76' lang='lat' dir='ltr'><strong><em>».(Gopt.,</em></strong></span> <span class='ocrx_word' id='word_1_79' title='bbox 692 1256 720 1311; x_wconf 85' lang='lat' dir='ltr'><strong><em>tt.</em></strong></span> <span class='ocrx_word' id='word_1_80' title='bbox 739 1253 767 1310; x_wconf 95' lang='grc'><strong><em>4.</em></strong></span> <span class='ocrx_word' id='word_1_81' title='bbox 783 1256 835 1328; x_wconf 85' lang='grc'><strong><em>24,</em></strong></span> <span class='ocrx_word' id='word_1_82' title='bbox 847 1249 894 1312; x_wconf 91' lang='lat' dir='ltr'><strong><em>cd.</em></strong></span> <span class='ocrx_word' id='word_1_83' title='bbox 910 1248 1117 1328; x_wconf 77' lang='grc'><strong>4444444444.</strong></span> 
     </span>
    </p>

    <p class='ocr_par' dir='ltr' id='par_1_4' title="bbox 264 1344 1375 1526">
     <span class='ocr_line' id='line_1_10' title="bbox 303 1344 1375 1428; baseline 0.004 -21"><span class='ocrx_word' id='word_1_84' title='bbox 303 1345 318 1426; x_wconf 71' lang='grc'>5</span> <span class='ocrx_word' id='word_1_85' title='bbox 341 1350 389 1408; x_wconf 84' lang='grc'><strong><em>47.</em></strong></span> <span class='ocrx_word' id='word_1_86' title='bbox 419 1346 586 1424; x_wconf 81' lang='lat' dir='ltr'><strong><em>Sub-dere,</em></strong></span> <span class='ocrx_word' id='word_1_87' title='bbox 615 1347 794 1409; x_wconf 68' lang='grc'><strong>444-43444</strong></span> <span class='ocrx_word' id='word_1_88' title='bbox 821 1362 829 1406; x_wconf 92' lang='lat'><strong>:</strong></span> <span class='ocrx_word' id='word_1_89' title='bbox 861 1367 876 1402; x_wconf 74' lang='lat' dir='ltr'><strong><em>a</em></strong></span> <span class='ocrx_word' id='word_1_90' title='bbox 905 1344 995 1409; x_wconf 82' lang='lat' dir='ltr'><strong>Musti</strong></span> <span class='ocrx_word' id='word_1_91' title='bbox 1022 1348 1233 1428; x_wconf 73' lang='lat' dir='ltr'><strong><em>quadrantalia</em></strong></span> <span class='ocrx_word' id='word_1_92' title='bbox 1260 1346 1317 1411; x_wconf 85' lang='lat' dir='ltr'><strong><em>XX</em></strong></span> <span class='ocrx_word' id='word_1_93' title='bbox 1342 1350 1375 1411; x_wconf 92' lang='lat' dir='ltr'><strong><em>in</em></strong></span> 
     </span>
     <span class='ocr_line' id='line_1_11' title="bbox 264 1443 1372 1526; baseline 0.001 -20"><span class='ocrx_word' id='word_1_94' title='bbox 264 1443 453 1506; x_wconf 80' lang='lat' dir='ltr'><strong><em>aheneum...</em></strong></span> <span class='ocrx_word' id='word_1_95' title='bbox 478 1444 643 1521; x_wconf 71' lang='lat' dir='ltr'><strong><em>infundite,</em></strong></span> <span class='ocrx_word' id='word_1_96' title='bbox 659 1444 762 1524; x_wconf 91' lang='lat' dir='ltr'><strong><em>ignem</em></strong></span> <span class='ocrx_word' id='word_1_97' title='bbox 775 1443 930 1506; x_wconf 78' lang='lat' dir='ltr'><strong><em>subdito»</em></strong></span> <span class='ocrx_word' id='word_1_98' title='bbox 952 1444 1046 1523; x_wconf 81' lang='lat' dir='ltr'><strong><em>(Coto,</em></strong></span> <span class='ocrx_word' id='word_1_99' title='bbox 1064 1444 1100 1507; x_wconf 85' lang='lat' dir='ltr'><strong><em>R.</em></strong></span> <span class='ocrx_word' id='word_1_100' title='bbox 1123 1444 1172 1524; x_wconf 81' lang='grc'><strong><em>14,</em></strong></span> <span class='ocrx_word' id='word_1_101' title='bbox 1198 1450 1266 1507; x_wconf 77' lang='lat' dir='ltr'><strong><em>itit.</em></strong></span> <span class='ocrx_word' id='word_1_102' title='bbox 1289 1451 1302 1509; x_wconf 98' lang='grc'><strong><em>4</em></strong></span> <span class='ocrx_word' id='word_1_103' title='bbox 1321 1463 1372 1526; x_wconf 91' lang='lat' dir='ltr'><strong><em>ap.</em></strong></span> 
     </span>
    </p>
   </div>
   <div class='ocr_carea' id='block_1_4' title="bbox 265 1539 1479 1626">
    <p class='ocr_par' dir='ltr' id='par_1_5' title="bbox 265 1539 1479 1626">
     <span class='ocr_line' id='line_1_12' title="bbox 265 1539 1479 1626; baseline 0.004 -23"><span class='ocrx_word' id='word_1_104' title='bbox 265 1539 429 1604; x_wconf 80' lang='lat' dir='ltr'><strong><em>Schneider</em></strong></span> <span class='ocrx_word' id='word_1_105' title='bbox 449 1540 484 1620; x_wconf 79' lang='grc'><strong><em>14.</em></strong></span> <span class='ocrx_word' id='word_1_106' title='bbox 510 1575 551 1587; x_wconf 94' lang='grc'>-</span> <span class='ocrx_word' id='word_1_107' title='bbox 575 1563 590 1598; x_wconf 90' lang='lat'>«</span> <span class='ocrx_word' id='word_1_108' title='bbox 615 1541 676 1604; x_wconf 91' lang='lat' dir='ltr'><strong><em>Nec</em></strong></span> <span class='ocrx_word' id='word_1_109' title='bbox 698 1543 792 1603; x_wconf 86' lang='lat' dir='ltr'><strong><em>nimie</em></strong></span> <span class='ocrx_word' id='word_1_110' title='bbox 811 1541 869 1603; x_wconf 91' lang='lat' dir='ltr'><strong><em>irai</em></strong></span> <span class='ocrx_word' id='word_1_111' title='bbox 891 1541 941 1603; x_wconf 84' lang='lat' dir='ltr'><strong><em>fan</em></strong></span> <span class='ocrx_word' id='word_1_112' title='bbox 968 1558 1103 1621; x_wconf 88' lang='lat' dir='ltr'><strong><em>unquam</em></strong></span> <span class='ocrx_word' id='word_1_113' title='bbox 1129 1541 1253 1605; x_wconf 89' lang='lat' dir='ltr'><strong><em>subdita</em></strong></span> <span class='ocrx_word' id='word_1_114' title='bbox 1281 1545 1375 1622; x_wconf 87' lang='lat' dir='ltr'><strong><em>percit</em></strong></span> <span class='ocrx_word' id='word_1_115' title='bbox 1476 1620 1479 1626; x_wconf 42' lang='grc'><strong>,</strong></span> 
     </span>
    </p>
   </div>
   <div class='ocr_carea' id='block_1_5' title="bbox 264 1637 1452 3091">
    <p class='ocr_par' dir='ltr' id='par_1_6' title="bbox 264 1637 1375 1912">
     <span class='ocr_line' id='line_1_13' title="bbox 266 1637 1374 1720; baseline 0.004 -21"><span class='ocrx_word' id='word_1_116' title='bbox 266 1639 384 1701; x_wconf 90' lang='lat' dir='ltr'><strong><em>fumida</em></strong></span> <span class='ocrx_word' id='word_1_117' title='bbox 401 1661 415 1695; x_wconf 77' lang='lat' dir='ltr'><strong><em>r</em></strong></span> <span class='ocrx_word' id='word_1_118' title='bbox 433 1640 544 1718; x_wconf 74' lang='lat' dir='ltr'><strong><em>(Lete,</em></strong></span> <span class='ocrx_word' id='word_1_119' title='bbox 568 1645 596 1701; x_wconf 79' lang='grc'><strong><em>3.</em></strong></span> <span class='ocrx_word' id='word_1_120' title='bbox 624 1646 695 1717; x_wconf 84' lang='grc'><strong>343,</strong></span> <span class='ocrx_word' id='word_1_121' title='bbox 717 1640 763 1700; x_wconf 87' lang='lat' dir='ltr'><strong><em>ed.</em></strong></span> <span class='ocrx_word' id='word_1_122' title='bbox 781 1637 909 1716; x_wconf 75' lang='lat' dir='ltr'><strong><em>Munro).</em></strong></span> <span class='ocrx_word' id='word_1_123' title='bbox 931 1671 971 1684; x_wconf 90' lang='lat'><em>-</em></span> <span class='ocrx_word' id='word_1_124' title='bbox 997 1660 1011 1693; x_wconf 78' lang='lat' dir='ltr'><strong>u</strong></span> <span class='ocrx_word' id='word_1_125' title='bbox 1034 1638 1167 1702; x_wconf 85' lang='lat' dir='ltr'><strong><em>Tantum</em></strong></span> <span class='ocrx_word' id='word_1_126' title='bbox 1187 1644 1217 1701; x_wconf 92' lang='lat' dir='ltr'><strong><em>te</em></strong></span> <span class='ocrx_word' id='word_1_127' title='bbox 1238 1656 1321 1720; x_wconf 89' lang='lat' dir='ltr'><strong><em>rogo,</em></strong></span> <span class='ocrx_word' id='word_1_128' title='bbox 1342 1642 1374 1703; x_wconf 92' lang='lat' dir='ltr'><strong><em>in</em></strong></span> 
     </span>
     <span class='ocr_line' id='line_1_14' title="bbox 266 1736 1375 1819; baseline 0.005 -22"><span class='ocrx_word' id='word_1_129' title='bbox 266 1737 356 1798; x_wconf 78' lang='lat' dir='ltr'><strong>Hirtii</strong></span> <span class='ocrx_word' id='word_1_130' title='bbox 379 1738 480 1800; x_wconf 91' lang='lat' dir='ltr'><strong><em>locum</em></strong></span> <span class='ocrx_word' id='word_1_131' title='bbox 499 1754 547 1798; x_wconf 90' lang='lat' dir='ltr'><strong><em>me</em></strong></span> <span class='ocrx_word' id='word_1_132' title='bbox 567 1737 677 1799; x_wconf 79' lang='lat' dir='ltr'><strong><em>subdor</em></strong></span> <span class='ocrx_word' id='word_1_133' title='bbox 701 1742 731 1798; x_wconf 90' lang='lat' dir='ltr'><strong><em>et</em></strong></span> <span class='ocrx_word' id='word_1_134' title='bbox 755 1738 793 1798; x_wconf 90' lang='lat' dir='ltr'><strong><em>ad</em></strong></span> <span class='ocrx_word' id='word_1_135' title='bbox 821 1741 909 1800; x_wconf 90' lang='lat' dir='ltr'><strong><em>tuum</em></strong></span> <span class='ocrx_word' id='word_1_136' title='bbox 929 1752 1063 1799; x_wconf 89' lang='lat' dir='ltr'><strong><em>amorem</em></strong></span> <span class='ocrx_word' id='word_1_137' title='bbox 1080 1743 1145 1799; x_wconf 85' lang='lat' dir='ltr'><strong><em>et...</em></strong></span> <span class='ocrx_word' id='word_1_138' title='bbox 1165 1761 1180 1794; x_wconf 71' lang='lat' dir='ltr'><strong><em>r</em></strong></span> <span class='ocrx_word' id='word_1_139' title='bbox 1198 1736 1315 1819; x_wconf 82' lang='lat' dir='ltr'><strong><em>(Cicero</em></strong></span> <span class='ocrx_word' id='word_1_140' title='bbox 1332 1739 1375 1802; x_wconf 88' lang='lat' dir='ltr'><strong><em>ed</em></strong></span> 
     </span>
     <span class='ocr_line' id='line_1_15' title="bbox 264 1833 763 1912; baseline 0 -18"><span class='ocrx_word' id='word_1_141' title='bbox 264 1833 393 1912; x_wconf 80' lang='lat' dir='ltr'><strong><em>Fremit,</em></strong></span> <span class='ocrx_word' id='word_1_142' title='bbox 409 1839 457 1897; x_wconf 85' lang='grc'><strong><em>40.</em></strong></span> <span class='ocrx_word' id='word_1_143' title='bbox 474 1839 523 1897; x_wconf 94' lang='grc'><strong><em>24.</em></strong></span> <span class='ocrx_word' id='word_1_144' title='bbox 540 1840 569 1911; x_wconf 84' lang='grc'><strong><em>7,</em></strong></span> <span class='ocrx_word' id='word_1_145' title='bbox 587 1836 633 1897; x_wconf 89' lang='lat' dir='ltr'><strong><em>ed.</em></strong></span> <span class='ocrx_word' id='word_1_146' title='bbox 651 1833 763 1912; x_wconf 78' lang='lat' dir='ltr'><strong><em>Orelli).</em></strong></span> 
     </span>
    </p>

    <p class='ocr_par' dir='ltr' id='par_1_7' title="bbox 303 1932 1373 2012">
     <span class='ocr_line' id='line_1_16' title="bbox 303 1932 1373 2012; baseline 0.005 -19"><span class='ocrx_word' id='word_1_147' title='bbox 303 1932 318 2012; x_wconf 68' lang='grc'>5</span> <span class='ocrx_word' id='word_1_148' title='bbox 340 1936 388 1993; x_wconf 84' lang='grc'><strong><em>48.</em></strong></span> <span class='ocrx_word' id='word_1_149' title='bbox 415 1932 593 2002; x_wconf 78' lang='grc' dir='ltr'><strong>Τ44444444.</strong></span> <span class='ocrx_word' id='word_1_150' title='bbox 617 1932 737 1994; x_wconf 86' lang='lat' dir='ltr'><strong><em>tradere</em></strong></span> <span class='ocrx_word' id='word_1_151' title='bbox 757 1949 768 1991; x_wconf 90' lang='grc'><strong><em>.·</em></strong></span> <span class='ocrx_word' id='word_1_152' title='bbox 785 1936 817 1993; x_wconf 83' lang='grc' dir='ltr'><strong><em>4ο</em></strong></span> <span class='ocrx_word' id='word_1_153' title='bbox 833 1933 1034 1996; x_wconf 70' lang='lat' dir='ltr'><strong><em>trans-tritico</em></strong></span> <span class='ocrx_word' id='word_1_154' title='bbox 1051 1949 1073 2010; x_wconf 94' lang='lat'><strong><em>:,</em></strong></span> <span class='ocrx_word' id='word_1_155' title='bbox 1090 1939 1122 1997; x_wconf 81' lang='grc' dir='ltr'><strong><em>2ο</em></strong></span> <span class='ocrx_word' id='word_1_156' title='bbox 1135 1937 1347 1998; x_wconf 61' lang='lat' dir='ltr'><strong><em>trans-estrat</em></strong></span> <span class='ocrx_word' id='word_1_157' title='bbox 1365 1952 1373 1997; x_wconf 71' lang='grc' dir='ltr'><strong>ι</strong></span> 
     </span>
    </p>

    <p class='ocr_par' dir='ltr' id='par_1_8' title="bbox 269 2030 1374 2306">
     <span class='ocr_line' id='line_1_17' title="bbox 305 2030 1374 2110; baseline -0.003 -17"><span class='ocrx_word' id='word_1_158' title='bbox 305 2036 336 2093; x_wconf 82' lang='grc' dir='ltr'><strong><em>4ο</em></strong></span> <span class='ocrx_word' id='word_1_159' title='bbox 354 2030 800 2110; x_wconf 77' lang='lat' dir='ltr'><strong><em>«ArgentumdediThensauri</em></strong></span> <span class='ocrx_word' id='word_1_160' title='bbox 809 2047 913 2108; x_wconf 89' lang='lat' dir='ltr'><strong><em>causa,</em></strong></span> <span class='ocrx_word' id='word_1_161' title='bbox 925 2034 959 2092; x_wconf 90' lang='lat' dir='ltr'><strong><em>ut</em></strong></span> <span class='ocrx_word' id='word_1_162' title='bbox 967 2031 1083 2092; x_wconf 88' lang='lat' dir='ltr'><strong><em>saluom</em></strong></span> <span class='ocrx_word' id='word_1_163' title='bbox 1092 2033 1188 2094; x_wconf 91' lang='lat' dir='ltr'><strong><em>amico</em></strong></span> <span class='ocrx_word' id='word_1_164' title='bbox 1197 2032 1374 2095; x_wconf 73' lang='lat' dir='ltr'><strong><em>traderem»</em></strong></span> 
     </span>
     <span class='ocr_line' id='line_1_18' title="bbox 269 2127 1373 2210; baseline -0.003 -20"><span class='ocrx_word' id='word_1_165' title='bbox 269 2127 331 2210; x_wconf 86' lang='lat' dir='ltr'><strong><em>(Pi.</em></strong></span> <span class='ocrx_word' id='word_1_166' title='bbox 360 2129 566 2206; x_wconf 83' lang='lat' dir='ltr'><strong><em>Trinummus,</em></strong></span> <span class='ocrx_word' id='word_1_167' title='bbox 589 2133 617 2189; x_wconf 92' lang='grc'><strong><em>4.</em></strong></span> <span class='ocrx_word' id='word_1_168' title='bbox 644 2134 671 2189; x_wconf 95' lang='grc'><strong><em>2.</em></strong></span> <span class='ocrx_word' id='word_1_169' title='bbox 697 2132 766 2205; x_wconf 91' lang='grc'><strong>442,</strong></span> <span class='ocrx_word' id='word_1_170' title='bbox 788 2128 836 2191; x_wconf 93' lang='lat' dir='ltr'><strong><em>ed.</em></strong></span> <span class='ocrx_word' id='word_1_171' title='bbox 861 2127 1042 2206; x_wconf 75' lang='grc'><strong>414444.-</strong></span> <span class='ocrx_word' id='word_1_172' title='bbox 1063 2128 1251 2210; x_wconf 78' lang='grc' dir='ltr'><strong>«Τ4444444</strong></span> <span class='ocrx_word' id='word_1_173' title='bbox 1273 2132 1373 2193; x_wconf 77' lang='lat' dir='ltr'><strong><em>dato»</em></strong></span> 
     </span>
     <span class='ocr_line' id='line_1_19' title="bbox 269 2223 1095 2306; baseline -0.002 -16"><span class='ocrx_word' id='word_1_174' title='bbox 269 2225 369 2304; x_wconf 80' lang='lat' dir='ltr'><strong><em>(Vetus</em></strong></span> <span class='ocrx_word' id='word_1_175' title='bbox 383 2227 429 2288; x_wconf 83' lang='lat' dir='ltr'><strong><em>lex</em></strong></span> <span class='ocrx_word' id='word_1_176' title='bbox 446 2243 494 2306; x_wconf 94' lang='lat' dir='ltr'><strong><em>ap.</em></strong></span> <span class='ocrx_word' id='word_1_177' title='bbox 512 2226 606 2304; x_wconf 72' lang='lat' dir='ltr'><strong><em>test,</em></strong></span> <span class='ocrx_word' id='word_1_178' title='bbox 622 2242 647 2287; x_wconf 93' lang='grc'><strong><em>4.</em></strong></span> <span class='ocrx_word' id='word_1_179' title='bbox 661 2226 715 2286; x_wconf 83' lang='lat' dir='ltr'><strong><em>sub</em></strong></span> <span class='ocrx_word' id='word_1_180' title='bbox 729 2243 791 2302; x_wconf 84' lang='lat' dir='ltr'><strong><em>nos,</em></strong></span> <span class='ocrx_word' id='word_1_181' title='bbox 808 2225 855 2286; x_wconf 91' lang='lat' dir='ltr'><strong><em>ed.</em></strong></span> <span class='ocrx_word' id='word_1_182' title='bbox 872 2223 990 2302; x_wconf 87' lang='lat' dir='ltr'><strong><em>Miiiier,</em></strong></span> <span class='ocrx_word' id='word_1_183' title='bbox 1003 2223 1095 2306; x_wconf 80' lang='lat'><strong><em>309).</em></strong></span> 
     </span>
    </p>

    <p class='ocr_par' dir='ltr' id='par_1_9' title="bbox 266 2321 1452 2698">
     <span class='ocr_line' id='line_1_20' title="bbox 305 2321 1452 2404; baseline 0.003 -16"><span class='ocrx_word' id='word_1_184' title='bbox 305 2331 337 2388; x_wconf 81' lang='lat'><strong><em>2⁰</em></strong></span> <span class='ocrx_word' id='word_1_185' title='bbox 352 2344 369 2381; x_wconf 93' lang='lat'>«</span> <span class='ocrx_word' id='word_1_186' title='bbox 436 2341 498 2386; x_wconf 89' lang='lat' dir='ltr'><strong><em>neu</em></strong></span> <span class='ocrx_word' id='word_1_187' title='bbox 518 2340 560 2401; x_wconf 88' lang='grc'><strong><em>44,</em></strong></span> <span class='ocrx_word' id='word_1_188' title='bbox 576 2340 636 2385; x_wconf 89' lang='grc'><strong><em>444</em></strong></span> <span class='ocrx_word' id='word_1_189' title='bbox 650 2321 837 2402; x_wconf 90' lang='lat' dir='ltr'><strong><em>Pompeium,</em></strong></span> <span class='ocrx_word' id='word_1_190' title='bbox 853 2323 1065 2402; x_wconf 88' lang='lat' dir='ltr'><strong><em>imperatorem</em></strong></span> <span class='ocrx_word' id='word_1_191' title='bbox 1079 2341 1181 2404; x_wconf 91' lang='lat' dir='ltr'><strong><em>suum,</em></strong></span> <span class='ocrx_word' id='word_1_192' title='bbox 1194 2326 1377 2390; x_wconf 84' lang='lat' dir='ltr'><strong><em>adversariis</em></strong></span> <span class='ocrx_word' id='word_1_193' title='bbox 1446 2379 1452 2393; x_wconf 90' lang='lat'><strong><em>.</em></strong></span> 
     </span>
     <span class='ocr_line' id='line_1_21' title="bbox 267 2421 1374 2505; baseline 0.003 -22"><span class='ocrx_word' id='word_1_194' title='bbox 267 2422 306 2483; x_wconf 91' lang='lat' dir='ltr'><strong><em>ad</em></strong></span> <span class='ocrx_word' id='word_1_195' title='bbox 328 2422 513 2501; x_wconf 90' lang='lat' dir='ltr'><strong><em>supplicium</em></strong></span> <span class='ocrx_word' id='word_1_196' title='bbox 538 2421 710 2505; x_wconf 81' lang='lat' dir='ltr'><strong><em>troosdurt,</em></strong></span> <span class='ocrx_word' id='word_1_197' title='bbox 727 2421 861 2483; x_wconf 89' lang='lat' dir='ltr'><strong><em>obsecrat</em></strong></span> <span class='ocrx_word' id='word_1_198' title='bbox 876 2445 892 2478; x_wconf 76' lang='lat' dir='ltr'><strong><em>r</em></strong></span> <span class='ocrx_word' id='word_1_199' title='bbox 915 2421 1019 2499; x_wconf 78' lang='lat' dir='ltr'><strong><em>(Caes,</em></strong></span> <span class='ocrx_word' id='word_1_200' title='bbox 1038 2423 1079 2484; x_wconf 87' lang='lat' dir='ltr'><strong><em>De</em></strong></span> <span class='ocrx_word' id='word_1_201' title='bbox 1095 2422 1127 2484; x_wconf 89' lang='lat' dir='ltr'><strong><em>B.</em></strong></span> <span class='ocrx_word' id='word_1_202' title='bbox 1144 2421 1193 2501; x_wconf 80' lang='lat' dir='ltr'><strong><em>G,</em></strong></span> <span class='ocrx_word' id='word_1_203' title='bbox 1219 2427 1247 2485; x_wconf 95' lang='grc'><strong><em>4.</em></strong></span> <span class='ocrx_word' id='word_1_204' title='bbox 1273 2428 1321 2485; x_wconf 87' lang='grc'><strong><em>76.</em></strong></span> <span class='ocrx_word' id='word_1_205' title='bbox 1344 2430 1374 2503; x_wconf 91' lang='grc'><strong><em>4,</em></strong></span> 
     </span>
     <span class='ocr_line' id='line_1_22' title="bbox 266 2518 1376 2602; baseline 0.004 -22"><span class='ocrx_word' id='word_1_206' title='bbox 266 2520 313 2581; x_wconf 91' lang='lat' dir='ltr'><strong><em>ed.</em></strong></span> <span class='ocrx_word' id='word_1_207' title='bbox 333 2518 524 2600; x_wconf 80' lang='lat' dir='ltr'><strong><em>Nipperdey).</em></strong></span> <span class='ocrx_word' id='word_1_208' title='bbox 553 2554 593 2565; x_wconf 96' lang='lat'>-</span> <span class='ocrx_word' id='word_1_209' title='bbox 619 2518 783 2599; x_wconf 79' lang='lat' dir='ltr'><strong><em>Remisque</em></strong></span> <span class='ocrx_word' id='word_1_210' title='bbox 806 2521 871 2581; x_wconf 83' lang='lat' dir='ltr'><strong><em>nixi</em></strong></span> <span class='ocrx_word' id='word_1_211' title='bbox 892 2521 1059 2599; x_wconf 90' lang='lat' dir='ltr'><strong><em>properiter</em></strong></span> <span class='ocrx_word' id='word_1_212' title='bbox 1080 2537 1189 2583; x_wconf 91' lang='lat' dir='ltr'><strong><em>navem</em></strong></span> <span class='ocrx_word' id='word_1_213' title='bbox 1212 2523 1246 2583; x_wconf 93' lang='lat' dir='ltr'><strong><em>in</em></strong></span> <span class='ocrx_word' id='word_1_214' title='bbox 1273 2522 1376 2602; x_wconf 85' lang='lat' dir='ltr'><strong><em>fugam</em></strong></span> 
     </span>
     <span class='ocr_line' id='line_1_23' title="bbox 270 2615 1111 2698; baseline 0.011 -27"><span class='ocrx_word' id='word_1_215' title='bbox 270 2639 284 2671; x_wconf 77' lang='lat' dir='ltr'><strong><em>a</em></strong></span> <span class='ocrx_word' id='word_1_216' title='bbox 302 2619 499 2679; x_wconf 65' lang='lat' dir='ltr'><strong><em>transducta</em></strong></span> <span class='ocrx_word' id='word_1_217' title='bbox 519 2615 591 2697; x_wconf 88' lang='lat' dir='ltr'><strong><em>(Att.</em></strong></span> <span class='ocrx_word' id='word_1_218' title='bbox 608 2634 656 2697; x_wconf 93' lang='lat' dir='ltr'><strong><em>ap.</em></strong></span> <span class='ocrx_word' id='word_1_219' title='bbox 673 2617 762 2696; x_wconf 89' lang='lat' dir='ltr'><strong><em>Non,</em></strong></span> <span class='ocrx_word' id='word_1_220' title='bbox 781 2622 851 2696; x_wconf 87' lang='grc'><strong>464,</strong></span> <span class='ocrx_word' id='word_1_221' title='bbox 866 2617 913 2680; x_wconf 90' lang='lat' dir='ltr'><strong><em>ed.</em></strong></span> <span class='ocrx_word' id='word_1_222' title='bbox 930 2616 1111 2698; x_wconf 85' lang='lat' dir='ltr'><strong><em>Quioherat).</em></strong></span> 
     </span>
    </p>

    <p class='ocr_par' dir='ltr' id='par_1_10' title="bbox 267 2715 1378 3091">
     <span class='ocr_line' id='line_1_24' title="bbox 308 2715 1378 2797; baseline 0.003 -19"><span class='ocrx_word' id='word_1_223' title='bbox 308 2716 323 2792; x_wconf 74' lang='grc' dir='ltr'>ἒ</span> <span class='ocrx_word' id='word_1_224' title='bbox 345 2720 393 2778; x_wconf 82' lang='grc'><strong><em>49.</em></strong></span> <span class='ocrx_word' id='word_1_225' title='bbox 416 2715 497 2777; x_wconf 79' lang='lat' dir='ltr'><strong><em>tiore</em></strong></span> <span class='ocrx_word' id='word_1_226' title='bbox 524 2715 617 2795; x_wconf 91' lang='lat' dir='ltr'><strong><em>igitur</em></strong></span> <span class='ocrx_word' id='word_1_227' title='bbox 641 2716 673 2776; x_wconf 93' lang='lat' dir='ltr'><strong><em>in</em></strong></span> <span class='ocrx_word' id='word_1_228' title='bbox 701 2716 876 2794; x_wconf 87' lang='lat' dir='ltr'><strong><em>compositis</em></strong></span> <span class='ocrx_word' id='word_1_229' title='bbox 903 2732 1029 2778; x_wconf 86' lang='lat' dir='ltr'><strong><em>sensum</em></strong></span> <span class='ocrx_word' id='word_1_230' title='bbox 1057 2732 1145 2795; x_wconf 90' lang='lat' dir='ltr'><strong><em>saepe</em></strong></span> <span class='ocrx_word' id='word_1_231' title='bbox 1171 2716 1261 2779; x_wconf 90' lang='lat' dir='ltr'><strong><em>habet</em></strong></span> <span class='ocrx_word' id='word_1_232' title='bbox 1286 2734 1378 2797; x_wconf 79' lang='lat' dir='ltr'><strong><em>quem</em></strong></span> 
     </span>
     <span class='ocr_line' id='line_1_25' title="bbox 269 2813 1378 2894; baseline 0.002 -18"><span class='ocrx_word' id='word_1_233' title='bbox 269 2815 396 2892; x_wconf 85' lang='lat' dir='ltr'><strong><em>simplex</em></strong></span> <span class='ocrx_word' id='word_1_234' title='bbox 425 2813 552 2875; x_wconf 90' lang='lat' dir='ltr'><strong><em>verbum</em></strong></span> <span class='ocrx_word' id='word_1_235' title='bbox 579 2813 711 2893; x_wconf 90' lang='lat' dir='ltr'><strong><em>ignorat,</em></strong></span> <span class='ocrx_word' id='word_1_236' title='bbox 743 2830 814 2875; x_wconf 92' lang='lat' dir='ltr'><strong><em>eum</em></strong></span> <span class='ocrx_word' id='word_1_237' title='bbox 842 2817 961 2891; x_wconf 88' lang='lat' dir='ltr'><strong><em>autem,</em></strong></span> <span class='ocrx_word' id='word_1_238' title='bbox 992 2815 1047 2893; x_wconf 88' lang='lat' dir='ltr'><strong><em>qui</em></strong></span> <span class='ocrx_word' id='word_1_239' title='bbox 1070 2831 1088 2875; x_wconf 92' lang='lat' dir='ltr'><strong><em>a</em></strong></span> <span class='ocrx_word' id='word_1_240' title='bbox 1113 2831 1203 2876; x_wconf 89' lang='lat' dir='ltr'><strong><em>sensu</em></strong></span> <span class='ocrx_word' id='word_1_241' title='bbox 1232 2816 1378 2894; x_wconf 89' lang='lat' dir='ltr'><strong><em>simplicis</em></strong></span> 
     </span>
     <span class='ocr_line' id='line_1_26' title="bbox 268 2906 1377 2991; baseline 0.001 -17"><span class='ocrx_word' id='word_1_242' title='bbox 268 2912 393 2974; x_wconf 81' lang='lat' dir='ltr'><strong><em>deriuari</em></strong></span> <span class='ocrx_word' id='word_1_243' title='bbox 411 2917 547 2991; x_wconf 85' lang='lat' dir='ltr'><strong><em>nequeat.</em></strong></span> <span class='ocrx_word' id='word_1_244' title='bbox 565 2909 649 2982; x_wconf 82' lang='lat' dir='ltr'><strong><em>Quod</em></strong></span> <span class='ocrx_word' id='word_1_245' title='bbox 664 2912 691 2973; x_wconf 88' lang='lat' dir='ltr'><strong><em>si</em></strong></span> <span class='ocrx_word' id='word_1_246' title='bbox 706 2911 786 2973; x_wconf 90' lang='lat' dir='ltr'><strong><em>enim</em></strong></span> <span class='ocrx_word' id='word_1_247' title='bbox 796 2906 858 2973; x_wconf 92' lang='lat' dir='ltr'><strong><em>non</em></strong></span> <span class='ocrx_word' id='word_1_248' title='bbox 872 2911 983 2973; x_wconf 91' lang='lat' dir='ltr'><strong><em>rationi</em></strong></span> <span class='ocrx_word' id='word_1_249' title='bbox 996 2916 1143 2991; x_wconf 87' lang='lat' dir='ltr'><strong><em>repugnat</em></strong></span> <span class='ocrx_word' id='word_1_250' title='bbox 1158 2913 1239 2975; x_wconf 85' lang='lat' dir='ltr'><strong><em>verbi</em></strong></span> <span class='ocrx_word' id='word_1_251' title='bbox 1253 2929 1377 2976; x_wconf 88' lang='lat' dir='ltr'><strong><em>sensum</em></strong></span> 
     </span>
     <span class='ocr_line' id='line_1_27' title="bbox 267 3008 1378 3091; baseline 0.003 -19"><span class='ocrx_word' id='word_1_252' title='bbox 267 3008 439 3091; x_wconf 73' lang='lat' dir='ltr'><strong><em>aperiendo</em></strong></span> <span class='ocrx_word' id='word_1_253' title='bbox 460 3009 655 3071; x_wconf 85' lang='lat' dir='ltr'><strong><em>addendum</em></strong></span> <span class='ocrx_word' id='word_1_254' title='bbox 679 3009 819 3085; x_wconf 87' lang='lat' dir='ltr'><strong><em>transire,</em></strong></span> <span class='ocrx_word' id='word_1_255' title='bbox 844 3010 965 3089; x_wconf 87' lang='lat' dir='ltr'><strong><em>dicique</em></strong></span> <span class='ocrx_word' id='word_1_256' title='bbox 987 3032 1002 3064; x_wconf 82' lang='grc'><strong><em>4</em></strong></span> <span class='ocrx_word' id='word_1_257' title='bbox 1020 3010 1053 3071; x_wconf 90' lang='grc'><strong><em>44</em></strong></span> <span class='ocrx_word' id='word_1_258' title='bbox 1075 3011 1299 3089; x_wconf 82' lang='lat' dir='ltr'><strong><em>me·ponitur»</em></strong></span> <span class='ocrx_word' id='word_1_259' title='bbox 1322 3028 1378 3090; x_wconf 92' lang='lat' dir='ltr'><strong><em>pro</em></strong></span> 
     </span>
    </p>
   </div>
   <div class='ocr_carea' id='block_1_6' title="bbox 270 3095 1487 3190">
    <p class='ocr_par' dir='ltr' id='par_1_11' title="bbox 270 3095 1487 3190">
     <span class='ocr_line' id='line_1_28' title="bbox 270 3095 1487 3190; baseline 0.008 -27"><span class='ocrx_word' id='word_1_260' title='bbox 270 3130 284 3163; x_wconf 76' lang='grc'><strong><em>4</em></strong></span> <span class='ocrx_word' id='word_1_261' title='bbox 302 3109 334 3170; x_wconf 92' lang='grc'><strong><em>44</em></strong></span> <span class='ocrx_word' id='word_1_262' title='bbox 356 3107 508 3169; x_wconf 85' lang='lat' dir='ltr'><strong><em>medetur</em></strong></span> <span class='ocrx_word' id='word_1_263' title='bbox 524 3131 538 3163; x_wconf 77' lang='lat' dir='ltr'><strong><em>r</em></strong></span> <span class='ocrx_word' id='word_1_264' title='bbox 554 3123 647 3186; x_wconf 86' lang='lat' dir='ltr'><strong><em>quum</em></strong></span> <span class='ocrx_word' id='word_1_265' title='bbox 663 3108 718 3186; x_wconf 88' lang='lat' dir='ltr'><strong><em>qui</em></strong></span> <span class='ocrx_word' id='word_1_266' title='bbox 739 3122 803 3168; x_wconf 88' lang='lat' dir='ltr'><strong><em>rem</em></strong></span> <span class='ocrx_word' id='word_1_267' title='bbox 818 3107 884 3185; x_wconf 89' lang='lat' dir='ltr'><strong><em>dut,</em></strong></span> <span class='ocrx_word' id='word_1_268' title='bbox 901 3123 966 3168; x_wconf 90' lang='lat' dir='ltr'><strong><em>rem</em></strong></span> <span class='ocrx_word' id='word_1_269' title='bbox 983 3104 1161 3186; x_wconf 76' lang='lat' dir='ltr'><strong><em>transferet,</em></strong></span> <span class='ocrx_word' id='word_1_270' title='bbox 1183 3113 1376 3190; x_wconf 82' lang='lat' dir='ltr'><strong><em>transportat,</em></strong></span> <span class='ocrx_word' id='word_1_271' title='bbox 1463 3100 1465 3107; x_wconf 31' lang='lat'>⁸</span> <span class='ocrx_word' id='word_1_272' title='bbox 1486 3095 1487 3098; x_wconf 23' lang='lat'>¹</span> 
     </span>
    </p>
   </div>
   <div class='ocr_carea' id='block_1_7' title="bbox 269 3203 1379 3481">
    <p class='ocr_par' dir='ltr' id='par_1_12' title="bbox 269 3203 1379 3481">
     <span class='ocr_line' id='line_1_29' title="bbox 269 3203 1377 3286; baseline 0.001 -18"><span class='ocrx_word' id='word_1_273' title='bbox 269 3207 420 3269; x_wconf 90' lang='lat' dir='ltr'><strong><em>contraria</em></strong></span> <span class='ocrx_word' id='word_1_274' title='bbox 435 3206 563 3268; x_wconf 89' lang='lat' dir='ltr'><strong><em>mutatio</em></strong></span> <span class='ocrx_word' id='word_1_275' title='bbox 577 3205 695 3283; x_wconf 88' lang='lat' dir='ltr'><strong><em>concipi</em></strong></span> <span class='ocrx_word' id='word_1_276' title='bbox 711 3221 772 3266; x_wconf 92' lang='lat' dir='ltr'><strong><em>non</em></strong></span> <span class='ocrx_word' id='word_1_277' title='bbox 790 3207 895 3283; x_wconf 89' lang='lat' dir='ltr'><strong><em>potest.</em></strong></span> <span class='ocrx_word' id='word_1_278' title='bbox 913 3203 990 3266; x_wconf 89' lang='lat' dir='ltr'><strong><em>Hinc</em></strong></span> <span class='ocrx_word' id='word_1_279' title='bbox 1005 3206 1209 3285; x_wconf 87' lang='lat' dir='ltr'><strong><em>quaerendum</em></strong></span> <span class='ocrx_word' id='word_1_280' title='bbox 1224 3207 1377 3286; x_wconf 86' lang='lat' dir='ltr'><strong><em>quodnam</em></strong></span> 
     </span>
     <span class='ocr_line' id='line_1_30' title="bbox 269 3301 1379 3383; baseline 0.001 -17"><span class='ocrx_word' id='word_1_281' title='bbox 269 3305 309 3366; x_wconf 89' lang='lat' dir='ltr'><strong><em>sit</em></strong></span> <span class='ocrx_word' id='word_1_282' title='bbox 333 3304 458 3366; x_wconf 89' lang='lat' dir='ltr'><strong><em>verbum</em></strong></span> <span class='ocrx_word' id='word_1_283' title='bbox 486 3303 567 3383; x_wconf 91' lang='lat' dir='ltr'><strong><em>quod</em></strong></span> <span class='ocrx_word' id='word_1_284' title='bbox 597 3303 829 3382; x_wconf 88' lang='lat' dir='ltr'><strong><em>incompositis</em></strong></span> <span class='ocrx_word' id='word_1_285' title='bbox 856 3301 940 3365; x_wconf 88' lang='lat' dir='ltr'><strong><em>verbi</em></strong></span> <span class='ocrx_word' id='word_1_286' title='bbox 967 3304 1043 3365; x_wconf 87' lang='lat' dir='ltr'><strong><em>dare</em></strong></span> <span class='ocrx_word' id='word_1_287' title='bbox 1069 3304 1198 3366; x_wconf 85' lang='lat' dir='ltr'><strong><em>deliteat.</em></strong></span> <span class='ocrx_word' id='word_1_288' title='bbox 1231 3302 1315 3376; x_wconf 84' lang='lat' dir='ltr'><strong><em>Quod</em></strong></span> <span class='ocrx_word' id='word_1_289' title='bbox 1344 3310 1379 3367; x_wconf 93' lang='lat' dir='ltr'><strong><em>ut</em></strong></span> 
     </span>
     <span class='ocr_line' id='line_1_31' title="bbox 270 3399 1295 3481; baseline 0.001 -18"><span class='ocrx_word' id='word_1_290' title='bbox 270 3403 455 3478; x_wconf 87' lang='lat' dir='ltr'><strong><em>inveniatur,</em></strong></span> <span class='ocrx_word' id='word_1_291' title='bbox 471 3404 557 3461; x_wconf 85' lang='lat' dir='ltr'><strong><em>extra</em></strong></span> <span class='ocrx_word' id='word_1_292' title='bbox 571 3399 646 3462; x_wconf 89' lang='lat' dir='ltr'><strong><em>iines</em></strong></span> <span class='ocrx_word' id='word_1_293' title='bbox 659 3400 771 3462; x_wconf 87' lang='lat' dir='ltr'><strong><em>latinae</em></strong></span> <span class='ocrx_word' id='word_1_294' title='bbox 785 3401 908 3480; x_wconf 89' lang='lat' dir='ltr'><strong><em>linguae</em></strong></span> <span class='ocrx_word' id='word_1_295' title='bbox 920 3400 1096 3481; x_wconf 88' lang='lat' dir='ltr'><strong><em>aliquandiu</em></strong></span> <span class='ocrx_word' id='word_1_296' title='bbox 1112 3403 1295 3464; x_wconf 84' lang='lat' dir='ltr'><strong><em>exeundum.</em></strong></span> 
     </span>
    </p>
   </div>
   <div class='ocr_carea' id='block_1_8' title="bbox 309 3497 1494 3583">
    <p class='ocr_par' dir='ltr' id='par_1_13' title="bbox 309 3497 1494 3583">
     <span class='ocr_line' id='line_1_32' title="bbox 309 3497 1494 3583; baseline 0.001 -23"><span class='ocrx_word' id='word_1_297' title='bbox 309 3500 324 3580; x_wconf 64' lang='grc' dir='ltr'><strong>ἓ</strong></span> <span class='ocrx_word' id='word_1_298' title='bbox 345 3505 393 3560; x_wconf 84' lang='grc'><strong><em>24.</em></strong></span> <span class='ocrx_word' id='word_1_299' title='bbox 414 3497 499 3568; x_wconf 82' lang='lat' dir='ltr'><strong><em>Quod</em></strong></span> <span class='ocrx_word' id='word_1_300' title='bbox 519 3498 544 3558; x_wconf 93' lang='lat' dir='ltr'><strong><em>si</em></strong></span> <span class='ocrx_word' id='word_1_301' title='bbox 560 3498 626 3558; x_wconf 90' lang='lat' dir='ltr'><strong><em>soni</em></strong></span> <span class='ocrx_word' id='word_1_302' title='bbox 648 3498 770 3576; x_wconf 90' lang='lat' dir='ltr'><strong><em>linguae</em></strong></span> <span class='ocrx_word' id='word_1_303' title='bbox 791 3498 898 3559; x_wconf 88' lang='lat' dir='ltr'><strong><em>latinae</em></strong></span> <span class='ocrx_word' id='word_1_304' title='bbox 912 3514 983 3559; x_wconf 88' lang='lat' dir='ltr'><strong><em>oum</em></strong></span> <span class='ocrx_word' id='word_1_305' title='bbox 1004 3499 1089 3560; x_wconf 89' lang='lat' dir='ltr'><strong><em>sonis</em></strong></span> <span class='ocrx_word' id='word_1_306' title='bbox 1103 3515 1226 3583; x_wconf 84' lang='lat' dir='ltr'><strong><em>graecae</em></strong></span> <span class='ocrx_word' id='word_1_307' title='bbox 1249 3503 1279 3561; x_wconf 89' lang='lat' dir='ltr'><strong><em>et</em></strong></span> <span class='ocrx_word' id='word_1_308' title='bbox 1292 3517 1379 3562; x_wconf 87' lang='lat' dir='ltr'><strong><em>sans-</em></strong></span> <span class='ocrx_word' id='word_1_309' title='bbox 1489 3568 1494 3574; x_wconf 52' lang='grc'><strong>,</strong></span> 
     </span>
    </p>
   </div>
   <div class='ocr_carea' id='block_1_9' title="bbox 216 3595 1380 3972">
    <p class='ocr_par' dir='ltr' id='par_1_14' title="bbox 216 3595 1380 3972">
     <span class='ocr_line' id='line_1_33' title="bbox 216 3595 1379 3674; baseline 0.003 -15"><span class='ocrx_word' id='word_1_310' title='bbox 216 3624 218 3630; x_wconf 94' lang='grc'><em>·</em></span> <span class='ocrx_word' id='word_1_311' title='bbox 270 3598 362 3660; x_wconf 82' lang='lat' dir='ltr'><strong><em>critae</em></strong></span> <span class='ocrx_word' id='word_1_312' title='bbox 403 3595 613 3671; x_wconf 86' lang='lat' dir='ltr'><strong><em>conteruntur,</em></strong></span> <span class='ocrx_word' id='word_1_313' title='bbox 646 3600 767 3674; x_wconf 89' lang='lat' dir='ltr'><strong><em>apparet</em></strong></span> <span class='ocrx_word' id='word_1_314' title='bbox 799 3597 847 3663; x_wconf 71' lang='lat' dir='ltr'><strong><em>in,</em></strong></span> <span class='ocrx_word' id='word_1_315' title='bbox 866 3601 1084 3658; x_wconf 86' lang='lat' dir='ltr'><strong><em>consonantem</em></strong></span> <span class='ocrx_word' id='word_1_316' title='bbox 1121 3595 1142 3656; x_wconf 90' lang='lat' dir='ltr'><strong><em>d</em></strong></span> <span class='ocrx_word' id='word_1_317' title='bbox 1173 3596 1251 3658; x_wconf 90' lang='lat' dir='ltr'><strong><em>duos</em></strong></span> <span class='ocrx_word' id='word_1_318' title='bbox 1288 3614 1379 3662; x_wconf 88' lang='lat' dir='ltr'><strong><em>sonos</em></strong></span> 
     </span>
     <span class='ocr_line' id='line_1_34' title="bbox 270 3688 1380 3774; baseline 0 -17"><span class='ocrx_word' id='word_1_319' title='bbox 270 3694 480 3758; x_wconf 84' lang='lat' dir='ltr'><strong><em>confluxisse:</em></strong></span> <span class='ocrx_word' id='word_1_320' title='bbox 513 3688 662 3773; x_wconf 87' lang='lat' dir='ltr'><strong><em>primum,</em></strong></span> <span class='ocrx_word' id='word_1_321' title='bbox 692 3697 908 3756; x_wconf 86' lang='lat' dir='ltr'><strong><em>consonantem</em></strong></span> <span class='ocrx_word' id='word_1_322' title='bbox 936 3695 958 3754; x_wconf 90' lang='lat' dir='ltr'><strong><em>d</em></strong></span> <span class='ocrx_word' id='word_1_323' title='bbox 985 3710 1125 3774; x_wconf 78' lang='lat' dir='ltr'><strong><em>graecae,</em></strong></span> <span class='ocrx_word' id='word_1_324' title='bbox 1160 3697 1324 3758; x_wconf 87' lang='lat' dir='ltr'><strong><em>sanseritae</em></strong></span> <span class='ocrx_word' id='word_1_325' title='bbox 1350 3701 1380 3759; x_wconf 90' lang='lat' dir='ltr'><strong><em>et</em></strong></span> 
     </span>
     <span class='ocr_line' id='line_1_35' title="bbox 272 3791 1380 3873; baseline 0.002 -19"><span class='ocrx_word' id='word_1_326' title='bbox 272 3796 459 3854; x_wconf 89' lang='lat' dir='ltr'><strong><em>caeterarum</em></strong></span> <span class='ocrx_word' id='word_1_327' title='bbox 474 3794 647 3853; x_wconf 87' lang='lat' dir='ltr'><strong><em>arianarum</em></strong></span> <span class='ocrx_word' id='word_1_328' title='bbox 667 3791 700 3871; x_wconf 82' lang='lat' dir='ltr'><strong><em>(si</em></strong></span> <span class='ocrx_word' id='word_1_329' title='bbox 715 3793 916 3871; x_wconf 82' lang='lat' dir='ltr'><strong><em>germanicam</em></strong></span> <span class='ocrx_word' id='word_1_330' title='bbox 928 3792 1103 3870; x_wconf 80' lang='lat' dir='ltr'><strong><em>exceperis),</em></strong></span> <span class='ocrx_word' id='word_1_331' title='bbox 1120 3793 1150 3855; x_wconf 90' lang='lat' dir='ltr'><strong><em>id</em></strong></span> <span class='ocrx_word' id='word_1_332' title='bbox 1164 3797 1210 3855; x_wconf 89' lang='lat' dir='ltr'><strong><em>est</em></strong></span> <span class='ocrx_word' id='word_1_333' title='bbox 1224 3793 1245 3854; x_wconf 91' lang='lat' dir='ltr'><strong><em>d</em></strong></span> <span class='ocrx_word' id='word_1_334' title='bbox 1260 3795 1380 3873; x_wconf 89' lang='lat' dir='ltr'><strong><em>linguae</em></strong></span> 
     </span>
     <span class='ocr_line' id='line_1_36' title="bbox 272 3889 1380 3972; baseline 0.003 -20"><span class='ocrx_word' id='word_1_335' title='bbox 272 3889 534 3966; x_wconf 74' lang='grc'><strong>444-4444444444</strong></span> <span class='ocrx_word' id='word_1_336' title='bbox 546 3889 665 3968; x_wconf 86' lang='lat' dir='ltr'><strong><em>deinde,</em></strong></span> <span class='ocrx_word' id='word_1_337' title='bbox 679 3889 843 3968; x_wconf 86' lang='lat' dir='ltr'><strong><em>aspiratam</em></strong></span> <span class='ocrx_word' id='word_1_338' title='bbox 852 3889 972 3951; x_wconf 90' lang='lat' dir='ltr'><strong><em>mollem</em></strong></span> <span class='ocrx_word' id='word_1_339' title='bbox 982 3890 1230 3970; x_wconf 87' lang='lat' dir='ltr'><strong><em>indo-europaeae</em></strong></span> <span class='ocrx_word' id='word_1_340' title='bbox 1238 3892 1292 3966; x_wconf 83' lang='lat' dir='ltr'><strong><em>tt,</em></strong></span> <span class='ocrx_word' id='word_1_341' title='bbox 1303 3909 1380 3972; x_wconf 89' lang='lat' dir='ltr'><strong><em>quae</em></strong></span> 
     </span>
    </p>
   </div>
   <div class='ocr_carea' id='block_1_10' title="bbox 270 4102 1379 4245">
    <p class='ocr_par' dir='ltr' id='par_1_15' title="bbox 270 4102 1379 4245">
     <span class='ocr_line' id='line_1_37' title="bbox 270 4102 1379 4175; baseline -0.001 -16"><span class='ocrx_word' id='word_1_342' title='bbox 270 4102 431 4159; x_wconf 88' lang='lat' dir='ltr'><strong><em>conferatur</em></strong></span> <span class='ocrx_word' id='word_1_343' title='bbox 442 4119 486 4158; x_wconf 86' lang='lat' dir='ltr'><strong><em>res</em></strong></span> <span class='ocrx_word' id='word_1_344' title='bbox 496 4103 610 4174; x_wconf 73' lang='lat' dir='ltr'><strong><em>demta,</em></strong></span> <span class='ocrx_word' id='word_1_345' title='bbox 622 4120 652 4158; x_wconf 85' lang='lat' dir='ltr'><strong><em>re</em></strong></span> <span class='ocrx_word' id='word_1_346' title='bbox 661 4103 794 4165; x_wconf 54' lang='lat' dir='ltr'><strong><em>domm</em></strong></span> <span class='ocrx_word' id='word_1_347' title='bbox 809 4102 994 4159; x_wconf 82' lang='lat' dir='ltr'><strong><em>circumdatur</em></strong></span> <span class='ocrx_word' id='word_1_348' title='bbox 1003 4103 1067 4159; x_wconf 81' lang='lat' dir='ltr'><strong><em>urbi</em></strong></span> <span class='ocrx_word' id='word_1_349' title='bbox 1076 4121 1179 4175; x_wconf 79' lang='lat' dir='ltr'><strong><em>murus,</em></strong></span> <span class='ocrx_word' id='word_1_350' title='bbox 1192 4103 1379 4160; x_wconf 83' lang='lat' dir='ltr'><strong><em>circumdetur</em></strong></span> 
     </span>
     <span class='ocr_line' id='line_1_38' title="bbox 270 4191 849 4245; baseline -0.007 0"><span class='ocrx_word' id='word_1_351' title='bbox 270 4191 337 4245; x_wconf 80' lang='lat' dir='ltr'><strong><em>urbe</em></strong></span> <span class='ocrx_word' id='word_1_352' title='bbox 353 4208 439 4245; x_wconf 83' lang='lat' dir='ltr'><strong><em>muro.</em></strong></span> <span class='ocrx_word' id='word_1_353' title='bbox 848 4207 849 4210; x_wconf 46' lang='lat'>¹</span> 
     </span>
    </p>
   </div>
   <div class='ocr_carea' id='block_1_11' title="bbox 0 0 1514 5064">
    <p class='ocr_par' dir='ltr' id='par_1_16' title="bbox 0 0 1514 5064">
     <span class='ocr_line' id='line_1_39' title="bbox 0 0 1514 5064; baseline 0 0"><span class='ocrx_word' id='word_1_354' title='bbox 0 0 1514 5064; x_wconf 95' lang='lat' dir='ltr'><strong><em> </em></strong></span> 
     </span>
    </p>
   </div>
  </div>
 </body>
</html>
