3006 5064
667 317 707 333 ..
728 290 767 349 ῃ
787 312 827 334 .-

234 410 550 500 ΙοΙηᾱο-οιπορεωω
564 418 706 482 hahuisse
720 419 805 483 dtet
820 417 865 481 dd
869 438 882 498 ;

232 525 264 582 2⁰
276 517 463 599 Europaeam
477 510 616 581 divssisse
629 517 759 581 vocalem
773 538 794 581 c
806 518 839 580 in
853 537 872 580 o
884 535 913 598 o,
929 519 972 580 ita
995 523 1029 580 ut
1049 517 1172 581 haberet
1189 519 1232 579 dd
1245 519 1298 599 do,

197 616 237 678 dd
258 614 299 678 dd
307 637 321 697 ,·
336 616 613 697 unicuiquedcinde
624 617 744 696 linguae
755 617 835 680 hauc
850 620 904 680 aut
922 616 1005 680 illam
1021 617 1155 680 vocalem
1174 618 1300 680 electam

195 714 289 779 luisse
308 730 315 777 :
338 715 451 779 latinae
464 715 508 776 di
522 712 571 794 dd,
589 730 712 795 graecae
726 715 766 776 do
779 713 830 792 dd,
847 715 974 778 slavicae
994 714 1036 777 do
1062 714 1164 795 (dt?);
1188 716 1300 795 quihus

196 813 344 876 informis
365 813 474 890 brevis,
498 811 610 893 quibus
630 814 719 893 longa
741 813 956 892 praeferretur,
979 813 1082 891 lingua
1103 829 1240 893 quaeque
1262 815 1301 876 ad

195 911 312 975 libitum
326 927 389 974 non
404 911 508 973 stricte
521 910 652 973 decrevit
669 926 676 971 :
693 909 765 972 hinc
779 910 813 972 in
828 911 923 973 latina
941 910 1051 983 dirior
1063 913 1093 973 et
1112 907 1278 972 auco-doc
1286 930 1300 987 ;

193 1009 226 1072 in
238 1025 344 1090 graeca
366 1009 477 1093 coaeva
500 1012 529 1071 et
553 1009 666 1091 loclp,
681 1009 715 1070 in
736 1008 831 1072 latina
844 1007 1006 1090 doato-m
1020 1009 1053 1071 in
1070 1025 1175 1090 graeca
1194 1009 1301 1087 idea-4

195 1111 224 1170 et
237 1108 351 1182 lucr-g
366 1107 422 1186 lap.
439 1104 645 1187 Hesychium).

232 1205 317 1286 533.
340 1204 378 1268 ln
402 1205 502 1268 radice
521 1205 585 1266 diro
607 1204 716 1267 similis
743 1204 850 1268 divisio
873 1204 952 1267 lacta
974 1209 1049 1268 est:
1077 1221 1185 1286 graeca
1213 1203 1303 1268 habet

196 1302 404 1366 tautummodo
419 1321 446 1380 e,
462 1295 581 1365 brevem
599 1305 653 1364 aut
676 1302 798 1382 longam
813 1318 821 1363 ε
838 1305 880 1383 de,
896 1305 950 1382 tn,
970 1303 1144 1383 germanica
1165 1303 1300 1384 habetat,

196 1400 221 1480 ὁ,
236 1399 254 1462 d
270 1421 281 1462 :
295 1402 316 1462 d
330 1403 363 1462 iu
376 1401 469 1477 vetati
493 1401 616 1462 teotisco
629 1398 703 1478 tet,
725 1397 742 1460 c*
761 1401 793 1462 in
806 1401 904 1482 gotico
917 1401 1018 1481 ‹le-ds,
1036 1400 1097 1463 din
1111 1402 1303 1482 anglosaxo-

195 1500 262 1562 nico
276 1496 318 1560 do
331 1503 360 1560 ct
373 1499 406 1560 in
421 1497 516 1560 veteri
530 1498 654 1561 teotisco
674 1501 773 1558 tuo-m
798 1515 833 1560 er
848 1495 939 1560 *toan
957 1496 1038 1580 (vide
1052 1496 1174 1580 supra);
1190 1498 1304 1561 slavica

195 1595 314 1660 habete
333 1597 366 1657 in
381 1592 460 1658 dd-tc‘
475 1618 490 1652 a
504 1611 616 1676 ponere
630 1617 659 1673 e,
683 1593 816 1675 dego-ti
840 1618 855 1652 a
878 1595 976 1658 faeere
991 1620 1018 1675 r,
1036 1595 1116 1658 ald-lo
1132 1619 1146 1653 e
1166 1613 1244 1677 opus
1260 1618 1298 1673 »ς

195 1694 336 1758 hahuisse
349 1713 365 1755 e
378 1694 498 1757 videtur
511 1695 544 1756 in
559 1694 653 1774 dejdo'
671 1692 714 1773 (ex
726 1692 867 1774 *ded-go)
886 1716 900 1749 «
916 1711 1024 1775 pono»
1039 1695 1160 1771 ,celtica
1170 1695 1303 1758 habete:

195 1792 311 1855 cle-aim
327 1814 342 1848 a
360 1792 438 1855 facio
454 1816 481 1854 a.

235 1889 340 1953 Italica
353 1891 387 1952 in
402 1891 533 1971 simplici
546 1891 639 1954 verbo
653 1887 776 1970 fc-o-io,
792 1891 893 1968 [α-ὂον
902 1889 990 1951 habet
1003 1889 1051 1968 sci,
1066 1893 1183 1952 servata
1195 1889 1304 1953 radicis

196 2005 271 2067 pura
295 1988 409 2065 vocali,
433 1988 540 2051 habuit
561 2004 631 2051 vero
650 1989 739 2050 etiam
759 1988 891 2050 vocalem
915 2005 942 2065 e,
966 1993 1007 2068 τῷ
1031 2002 1135 2066 graeco
1156 2011 1171 2050 ε
1196 1986 1236 2065 (in
1254 1988 1301 2066 ael

195 2087 437 2168 respondentem,
452 2087 560 2150 hahuit
573 2087 687 2150 scilicet
708 2087 839 2150 radicem
853 2087 883 2164 sc
896 2089 926 2148 et
940 2086 973 2148 in
985 2085 1159 2167 compositis
1171 2084 1304 2147 radicem

196 2183 250 2246 -de
266 2185 288 2264 (ἒ
303 2184 364 2264 ll).

234 2282 327 2344 Extra
350 2283 592 2364 conjugationem
618 2282 713 2346 luisse
725 2287 755 2347 et
774 2282 967 2345 o'declarare
989 2281 1108 2344 videtur
1127 2277 1305 2349 cedenac

196 2379 276 2459 quod
301 2381 335 2441 in
357 2402 372 2434 <v
398 2379 601 2460 Etymologico
627 2380 749 2460 linguae
768 2380 877 2442 latinae
900 2378 1038 2442 Larice»
1062 2378 1200 2463 agnoscit
1220 2375 1305 2440 Brtal

196 2477 399 2558 compositum
413 2494 449 2540 en
464 2478 502 2539 ad
516 2482 545 2540 et
559 2476 680 2555 ddmen,
696 2479 846 2540 sanserito
860 2477 1022 2552 died-mua,
1038 2476 1079 2539 ita
1095 2479 1128 2539 ut
1141 2475 1306 2539 abdomen
1398 2483 1402 2492 '

195 2575 253 2638 hoe
267 2576 307 2637 sit
319 2575 399 2657 quod
411 2580 492 2639 retro
500 2577 634 2657 positum
643 2580 699 2654 est,
713 2577 782 2639 uisi
792 2577 876 2640 dicas
893 2579 1054 2654 re-pos-to,
1076 2575 1302 2653 ἀπο-τιθέμενον.

235 2672 250 2752 §
272 2677 320 2735 al.
343 2673 388 2735 llv
402 2674 459 2736 hoc
473 2673 569 2752 capite
582 2673 760 2753 colligamus
778 2689 785 2733 :
920 2755 922 2760 Ι

237 2775 268 2833 lv
282 2769 425 2834 Radicem
448 2773 490 2832 do
506 2794 521 2827 α
537 2772 610 2834 dare
625 2792 640 2828 a
656 2786 812 2835 occurrere
832 2771 867 2832 in
891 2772 987 2833 latina
1010 2770 1115 2850 lingua
1128 2786 1198 2833 eum
1216 2785 1306 2832 voca·

196 2868 276 2931 libus
290 2888 309 2931 o
323 2867 358 2948 d;
372 2889 391 2931 a
406 2870 438 2931 in
452 2869 663 2951 conjugatione
676 2866 702 2948 ⁴,
717 2866 735 2928 6
748 2873 831 2930 extra
845 2869 1094 2949 conjugationem.

236 2974 267 3029 2⁰
290 2966 429 3030 Radieem
445 2966 509 3030 dic
524 2983 689 3048 «ponere»
706 2983 776 3029 cum
790 2967 944 3030 vocalibus
958 2985 1006 3029 ee
1023 2964 1102 3047 lo?);
1121 2983 1141 3026 c
1162 2965 1194 3026 iu
1209 2963 1307 3027 radice

196 3069 286 3128 aucta
301 3065 365 3146 lfao)
381 3088 388 3144 3
404 3085 421 3128 e
434 3067 466 3128 in
480 3065 700 3148 conjugatione,
719 3067 745 3146 (o
759 3069 843 3128 extra
856 3065 1107 3146 conjugationem)
1120 3061 1143 3123 ².
1220 3068 1221 3071 ’

237 3171 268 3227 3⁰
283 3163 320 3227 ln
330 3165 429 3229 radice
439 3166 492 3244 dc,
504 3165 660 3228 cohaerere
670 3165 795 3227 latinam
806 3164 956 3243 linguam,
967 3163 1066 3244 quoad
1081 3162 1221 3240 vocalem,
1234 3177 1306 3223 oum

198 3263 347 3326 sanserita
360 3267 389 3325 et
402 3263 658 3344 indo-europaea3
673 3263 706 3325 in
720 3263 820 3327 radice
834 3261 899 3323 clla
912 3273 983 3324 cum
997 3274 1104 3342 graeca
1118 3264 1147 3323 et
1155 3259 1307 3341 plerisque

198 3378 364 3442 europaeis.

235 3673 262 3727 l.
278 3669 314 3726 Et
329 3669 359 3725 in
374 3668 519 3727 vocabulis
532 3684 605 3743 quae
620 3683 685 3726 cum
700 3667 784 3725 verbo
799 3666 897 3725 stricte
910 3666 1063 3725 cohaerent
1083 3665 1186 3740 (dator,
1206 3665 1304 3736 dctiot

233 3759 261 3816 t.
277 3758 313 3816 In
335 3758 551 3817 «sacer-dd-s»
573 3764 668 3833 potest
689 3773 752 3815 esse
772 3756 838 3812 ‹id-a
861 3762 920 3813 tam
945 3776 957 3810 c
982 3756 1031 3830 qui
1055 3755 1131 3828 iacit,
1151 3754 1276 3827 disponit
1293 3775 1304 3836 v

199 3866 285 3923 quam
303 3869 314 3902 v
332 3849 443 3922 quidet
460 3869 484 3921 v,
499 3848 529 3907 id
543 3855 587 3906 cst
600 3861 717 3905 manare
731 3861 767 3904 ex
782 3845 847 3917 dle,
863 3861 949 3922 quam
963 3861 998 3904 ex
1012 3845 1056 3901 du.
