3006 5064
670 458 828 516 ...2⁴-

201 588 324 665 slevieo,
340 601 457 666 greeee,
471 586 546 648 etin
560 587 674 668 aliquot
686 587 794 649 italieis
810 587 945 649 dialectis
959 608 966 664 3
984 589 1067 649 illem
1081 593 1193 667 eutem,
1208 590 1239 650 in
1250 592 1306 653 sle-

200 685 261 748 riee
282 687 313 746 et
335 684 370 746 in
393 700 498 764 graeca
525 699 710 764 oppressam,
733 685 766 746 in
792 685 886 748 latine
913 686 1009 747 solam
1029 701 1183 765 regnasse,
1213 688 1307 751 alters

199 797 350 862 oppressa.
366 780 437 845 Ideo
447 784 547 844 antem
560 782 635 844 haee
648 799 792 863 oppresse
805 782 875 858 luit,
890 785 963 863 quie
974 783 1219 862 reduplieetionis
1232 803 1307 849 usus

196 883 258 962 jem
272 896 339 943 non
353 879 388 942 in
402 879 524 960 linguae
537 881 693 942 communi
708 898 767 943 usu
782 885 847 943 eret
862 897 869 941 :
886 897 984 960 neque
993 883 1058 962 jem
1070 882 1152 943 enim
1165 883 1308 963 intelligit

197 977 352 1042 Romanus
374 978 408 1040 in
427 981 540 1057 pipott,
565 982 650 1057 serit,
672 979 759 1058 bibit,
774 995 840 1042 esse
863 980 994 1042 redicem
1009 980 1237 1059 reduplicatum,
1253 998 1307 1044 neo

197 1077 288 1141 sentit
304 1098 319 1132 ι
336 1079 447 1138 st-st-it
462 1099 476 1132 n
493 1077 597 1139 eedem
613 1093 649 1138 ex
663 1076 788 1139 materie
803 1077 915 1139 lentum
929 1094 990 1158 qua
1006 1100 1020 1133 ι
1035 1083 1113 1140 st-ot
1130 1101 1158 1139 s.

234 1174 335 1254 Ipsius
348 1179 449 1237 eutem
463 1175 557 1255 hujus
571 1174 655 1237 verbi
669 1180 765 1236 sto-re
788 1179 818 1237 et
831 1175 1033 1253 reduplioetee
1048 1177 1160 1239 formae
1175 1180 1307 1240 stete-re

197 1271 381 1351 exemplum,
403 1271 476 1352 quid
500 1272 533 1332 in
549 1270 622 1333 dore
641 1271 793 1349 eoeiderit,
809 1272 885 1334 sinit
900 1273 1062 1353 conjectori
1078 1289 1085 1334 :
1101 1273 1160 1336 luit
1181 1277 1258 1336 oerte
1275 1275 1307 1335 in

193 1369 400 1449 proto-latino
422 1368 527 1448 lingue
550 1368 676 1431 verbum
700 1367 825 1444 *didere
839 1368 942 1432 eodem
955 1369 1045 1432 modo
1067 1369 1229 1432 lormetum
1246 1386 1307 1452 quo

196 1471 328 1528 sest-ere
352 1470 382 1528 et
403 1465 589 1544 respondens
611 1465 746 1528 umbrico
767 1465 855 1546 nte-4,-
871 1483 965 1547 quum
980 1483 1047 1530 vero
1061 1471 1142 1529 sture
1157 1471 1187 1528 et
1204 1471 1308 1530 sistere

197 1582 283 1628 snam
307 1565 364 1627 sibi
397 1561 647 1644 significationem
675 1565 829 1643 fecissent,
855 1566 954 1645 potuit
985 1566 1085 1638 vivere
1119 1570 1305 1647 utrumquo3

196 1680 292 1744 quum
315 1666 418 1726 ooutre
438 1660 539 1723 *di-elo
562 1666 591 1724 et
611 1662 648 1723 do
666 1680 761 1725 onem
775 1664 971 1742 eamdemque
985 1679 1050 1725 rem
1069 1664 1248 1743 indicerent,
1264 1669 1304 1743 et,

197 1766 233 1824 ut
245 1763 287 1824 ita
300 1761 410 1838 dicam,
427 1777 489 1822 uno
504 1760 666 1840 eodemque
678 1761 788 1839 pabulo
800 1761 944 1839 viverent,
958 1761 1070 1824 fectum
1084 1766 1130 1824 est
1146 1763 1307 1842 «struggle

197 1860 242 1922 for
255 1859 306 1920 life
322 1883 350 1936 o,
375 1857 412 1919 de
425 1862 490 1920 otto
504 1864 674 1933 certamem
695 1858 796 1921 debuit
819 1859 1000 1921 alterutrum
1024 1860 1109 1920 alteri
1128 1861 1250 1937 oedere3
1272 1878 1307 1922 ee

196 1959 269 2020 vieit
293 1957 390 2019 forma
409 1973 487 2037 quae
509 1956 640 2018 validius
661 1957 693 2018 in
714 1960 864 2018 certamen
887 1961 1002 2018 armeta
1015 1960 1089 2035 eret,
1112 1958 1143 2020 id
1165 1962 1211 2020 est
1231 1975 1307 2039 quae

197 2056 310 2117 oiroum
336 2071 368 2116 se
391 2055 495 2133 plures
519 2053 647 2115 babebat
673 2054 822 2129 snronlos,
850 2071 867 2114 e
894 2071 926 2115 se
952 2057 1066 2130 enetos,
1094 2055 1205 2133 quippe
1229 2073 1307 2134 qnae

198 2153 318 2233 saepius
331 2153 521 2232 loquentium
534 2152 638 2230 labris,
649 2152 836 2214 audientium
848 2153 974 2214 auribus
984 2155 1156 2214 oeenrreret
1167 2170 1175 2229 ;
1187 2153 1306 2215 vincere

197 2249 310 2311 soilioet
319 2249 421 2312 debuit
434 2249 531 2312 ferme
540 2249 666 2327 simplex
676 2266 769 2330 quam
779 2249 974 2330 protegebant
983 2249 1086 2312 omnia
1097 2249 1149 2312 ille
1162 2250 1306 2313 voeebule

196 2348 326 2410 eredioe
346 2348 428 2410 nude
447 2351 523 2426 orte,
548 2345 664 2425 ola-tor,
687 2348 796 2425 elo-tto,
818 2351 874 2410 eto.
899 2351 927 2411 et
950 2349 1009 2410 elie
1032 2348 1139 2426 vooeli,
1166 2347 1304 2426 domum,

196 2446 262 2507 elo-s
275 2444 301 2525 ⁴,
316 2449 370 2509 ete.
595 2462 599 2468 ·
941 2469 942 2472 ’

631 2647 662 2702 2⁰
681 2639 726 2702 De
754 2640 866 2702 Vocati.

236 2841 250 2912 ἓ
272 2842 320 2900 sl.
343 2836 390 2900 An
402 2837 536 2900 voeelem
549 2841 749 2900 transeamus.
766 2836 872 2899 Latine
886 2840 932 2899 est
947 2837 978 2915 e,
993 2853 1099 2916 greeee
1114 2861 1149 2915 u,
1165 2861 1190 2899 0.

235 2935 291 2997 Hie
328 2951 398 2997 vero
433 2935 558 2997 latinam
589 2934 841 3014 indo-europaeee
870 2935 1039 3014 propiorem
1063 2936 1181 2997 stetisse
1212 2951 1304 3015 quam

197 3049 333 3112 greeeam
349 3033 450 3095 stetim
464 3037 595 3115 apparet.
613 3031 667 3094 Illa
690 3033 770 3093 enim
785 3048 911 3111 nequeo
930 3049 1026 3110 neque
1040 3029 1058 3091 o
1071 3036 1206 3110 noverat,
1226 3049 1304 3111 qnae

196 3131 326 3208 voeeles,
345 3136 380 3194 ut
392 3150 407 3191 e
418 3135 447 3192 et
463 3135 489 3209 t,
506 3131 714 3192 tantummodo
729 3133 887 3209 postquem
903 3128 1006 3208 lingue
1020 3127 1254 3207 indo-europaeo
1271 3129 1304 3189 in

197 3228 274 3291 duas
297 3230 391 3292 seisse
410 3233 466 3308 est,
489 3229 645 3290 asiaticam
659 3231 688 3288 et
702 3242 893 3307 europaeam,
911 3243 947 3287 ex
966 3226 1092 3306 antiquo
1106 3243 1138 3303 a,
1153 3227 1172 3287 o
1189 3230 1307 3287 exortae

196 3329 296 3389 sunt:
325 3329 389 3387 erat
409 3327 501 3405 igitur
525 3325 611 3387 radix
636 3324 867 3403 indoenropeee
890 3323 940 3399 de,
959 3339 1052 3403 quem
1071 3323 1181 3401 latine,
1205 3323 1306 3403 quoad

196 3423 309 3487 vocalis
335 3426 486 3502 naturam,
510 3438 572 3485 non
592 3426 740 3484 mutatam
760 3422 873 3500 relert3
898 3437 974 3501 quse
991 3420 1082 3483 luerit
1096 3422 1162 3501 ejus
1176 3439 1196 3482 a
1208 3437 1305 3500 quen-

196 3522 279 3598 tites,
304 3521 417 3582 elerum
446 3522 551 3583 min'ns
576 3538 584 3581 ι
614 3521 756 3583 asiaticae
786 3521 866 3582 enim
893 3520 1026 3599 linguae,
1040 3520 1161 3598 longam
1192 3517 1305 3598 ubique

195 3619 324 3681 babent:
342 3618 423 3679 nte-tt
438 3618 520 3697 (det),
537 3618 641 3680 det-tor
659 3618 774 3696 (detor),
791 3617 931 3680 dona-m
947 3615 1099 3698 (donum),
1115 3619 1188 3678 sunt
1203 3619 1305 3677 temen

196 3717 229 3777 in
243 3714 301 3794 Rig
314 3714 396 3778 Vede
409 3715 522 3777 lormee
536 3715 701 3794 imperleeti
715 3732 792 3794 quae
806 3715 936 3777 redicem
946 3715 986 3776 dci
996 3717 1130 3793 arguunt
1146 3739 1152 3773 :
1170 3710 1302 3790 ede-m,

195 3812 311 3892 a-elo-s,
329 3812 445 3891 e-dn-t,
470 3830 600 3893 querum
616 3815 648 3875 iu
663 3815 762 3876 loeum
785 3830 821 3874 ex
834 3813 934 3875 rodiee
949 3811 992 3873 oct
1006 3813 1224 3891 expectendum
1245 3811 1304 3872 fuit

194 3911 320 3988 oet-m,
344 3909 450 3991 odet-s,
477 3909 608 3973 n-dt-t2.
636 3910 672 3973 In
699 3911 856 3989 europaeis
879 3910 992 3989 linguis
1016 3914 1088 3973 sunt
1106 3911 1176 3972 item
1191 3909 1304 3970 formae

233 4125 256 4179 l.
275 4124 320 4178 De
332 4123 445 4196 quibus,
462 4123 526 4182 vide
540 4123 624 4195 infre,
639 4127 653 4197 ξ
668 4124 710 4181 31.

232 4212 258 4267 2.
275 4211 406 4268 Addatur
420 4219 449 4268 et
464 4213 595 4268 detra-m
611 4234 622 4266 ι
640 4213 747 4277 donum
765 4233 776 4266 s
793 4213 868 4286 quod
882 4229 982 4285 graece
997 4218 1111 4269 sonaret
1125 4214 1245 4276 δο·τρο·ν.
